2572 4442
784 59 796 159 l

4 368 5 379 ἵ
52 280 114 319 xm.
129 267 181 337 5o.]
303 267 375 334 The
396 268 557 335 Fortuna
580 270 628 355 (ff
640 269 807 360 Pompey.
1039 289 1081 358 75

5 526 9 537 .
86 486 126 533 rt.
148 468 332 555 Reliquum
351 469 402 534 est
418 481 455 535 ut
470 470 513 535 de
530 470 688 535 felicitate
709 470 831 559 (quam
847 483 1021 558 praestare
1039 473 1082 539 de

4 644 5 649 γ
48 590 78 633 se
99 569 167 654 ipso
191 592 291 634 nemo
315 581 436 655 potest,
461 569 658 635 meminisse
683 583 716 635 et
739 593 1009 638 commemorare
1038 573 1081 639 de

47 670 138 733 altero
151 691 343 752 possumus,
359 669 446 734 sicut
463 692 610 756 aequum
625 658 676 735 est
691 672 848 736 homines
860 674 903 737 de
917 685 1081 757 potestate

46 769 191 854 deorum)
207 769 323 833 timide
340 780 373 834 et
389 791 500 870 pappa
517 770 685 835 dicamus.
727 770 804 858 Ego
818 772 910 836 enim
926 773 976 837 sic
993 773 1083 837 exis·

45 868 133 932 timo:
164 841 274 946 Μέῑξι,
291 852 336 943 ὀ,
360 868 541 947 Marcello,
564 869 732 955 Scipioni,
756 871 883 953 Mal-rio,
905 884 938 936 et
961 872 1082 937 ceteris

4 996 6 1019 ÷
45 968 166 1055 magnis
183 956 530 1053 irir‘p‘i'eratoribiis'non
547 956 658 1036 solum
676 983 813 1057 propter
832 968 1002 1065 virtutem,
1021 973 1081 1039 sed

44 1068 131 1131 etiam
147 1082 286 1152 propter
302 1067 471 1133 fortunam
490 1071 628 1156 saepius
644 1070 788 1157 imperia
805 1074 967 1137 mandata
980 1084 1082 1159 atque

45 1167 196 1233 exercitus
214 1189 291 1233 esse
309 1168 521 1235 commissos.
541 1142 576 1203 s
571 1170 650 1235 Fuit
667 1172 757 1236 enim
775 1172 927 1257 profecto
942 1173 1083 1259 quibus-

4 1260 5 1343 ]
45 1266 109 1330 darn
136 1267 281 1333 summis
308 1267 390 1333 viris
417 1271 588 1355 quaedam
618 1270 662 1336 ad
691 1272 952 1356 amplitudinem
980 1285 1013 1337 et
1038 1273 1083 1338 ad

4 1380 6 1453 l
45 1365 174 1450 gloriam
202 1379 236 1433 et
266 1369 310 1432 ad
338 1390 393 1433 res
421 1391 568 1457 magnas
596 1371 685 1435 bene
717 1371 889 1458 gerendas
921 1372 1082 1438 divinitus

4 1492 5 1529 4
46 1458 188 1553 adjuncta
205 1467 372 1561 fortuna7
401 1469 455 1534 De
473 1469 573 1557 hujus
597 1483 709 1535 autem
734 1472 883 1537 hominis
907 1472 1080 1547 felicitate,

4 1560 6 1683 l
46 1565 79 1629 de
99 1589 162 1653 quo
185 1589 281 1635 nunc
306 1568 454 1655 agimus,
477 1570 543 1634 hac
566 1583 643 1634 utar
669 1571 903 1636 moderatione
930 1572 1081 1647 dicendi,

4 1688 5 1691 ¹
45 1687 99 1730 non
115 1679 148 1732 ut
163 1669 196 1732 in
214 1669 309 1734 illius
325 1670 490 1754 potestate
507 1670 678 1735 fortunam
695 1671 841 1755 positam
857 1692 933 1736 esse
953 1672 1081 1748 dicam,

33 1758 92 1847 lsed
108 1780 140 1832 ut
155 1768 339 1853 praeterita
357 1769 566 1859 meminisse,
586 1770 717 1856 reliqua
734 1791 873 1854 sperare
889 1771 1080 1847 videamur,

43 1860 139 1932 ne'aut
151 1869 268 1933 invisa
284 1868 337 1933 dis
354 1868 602 1934 immortalibus
618 1869 725 1935 oratio
742 1882 856 1934 nostra
874 1882 935 1956 aut
948 1870 1083 1958 ingrata

43 1985 102 2030 esse
112 1968 302 2068 videatur7
326 1985 371 2032 48.
396 1968 515 2054 Itaque
529 1991 598 2045 non
611 1991 685 2034 sum
700 1970 958 2054 praedicaturus
975 1993 1083 2057 quan·

41 2073 81 2129 tas
104 2066 157 2132 ille
185 2089 249 2132 res
277 2067 370 2132 domi
398 2067 553 2143 militiae,
578 2078 668 2132 terra
692 2070 860 2156 marique,
886 2084 1082 2157 quantaque

41 2163 179 2233 felicitate
192 2162 366 2256 gesserit3
393 2180 429 2232 ut
444 2168 518 2255 ejus
532 2190 668 2253 semper
680 2170 914 2243 voluntatibus
925 2193 993 2236 non
1012 2194 1083 2236 mo-
1108 2169 1113 2179 '

41 2264 75 2328 do
89 2267 174 2334 cives
197 2268 432 2344 adsenserint,
451 2268 534 2333 socii
559 2270 838 2354 obtemperarint,
863 2271 977 2336 hostes
1002 2272 1106 2359 obe·¹

40 2364 155 2444 dierint,
174 2368 245 2434 sed
263 2367 363 2432 etiam
382 2369 472 2432 venti
490 2381 776 2455 tempestatesque
794 2371 1080 2460 obsecundarint:

4 2468 5 2507 3
40 2463 92 2529 hoc
112 2468 318 2532 brevissime
343 2468 469 2542 dicam,
490 2470 664 2534 nerninem
689 2492 854 2556 umquam
878 2483 948 2535 tam
971 2471 1082 2556 impu-

4 2560 5 2631 Ϊ
41 2564 158 2632 dentem
174 2567 300 2642 fuisse,
314 2569 371 2654 qui
390 2568 433 2632 ab
451 2569 502 2633 dis
520 2568 770 2634 immortalibus
786 2581 834 2634 tot
850 2581 882 2634 et
898 2581 1009 2634 tantas
1026 2592 1081 2635 res

4 2720 5 2725 ,
42 2667 143 2733 tacitus
164 2669 311 2733 auderet
330 2679 461 2752 optare,
483 2681 565 2755 quot
584 2681 617 2733 et
638 2681 786 2787 puantas
811 2669 845 2734 di
869 2669 1079 2735 immortales

45 2766 74 2829 ad
89 2766 152 2832 Cn.
172 2767 379 2851 Pompeium
396 2769 601 2832 detulerunt.
653 2766 757 2851 Quod
774 2780 810 2831 ut
833 2768 881 2831 illi
905 2769 1099 2852 proprium·

4 2880 6 2935 g
44 2884 73 2928 ac
99 2882 305 2952 perpetuum
337 2868 390 2944 sit,
425 2857 591 2952 Quirites
622 2888 701 2931 cum
733 2867 924 2931 communis
963 2866 1081 2933 salutis

41 2980 126 3054 atque
147 2970 271 3057 imperi
295 2981 365 3035 tum
390 2970 502 3067 ipsius!
522 2968 670 3034 hominis
694 2988 812 3043 causa,
834 2966 932 3031 sicuti
957 2966 1079 3044 facitis,

4 2980 14 3145 l
40 3069 113 3133 velle
129 3082 162 3135 et
178 3082 298 3157 optare
315 3058 499 3180 debetis7ll<x
850 3152 853 3157 θ

74 3186 117 3233 ru.
142 3170 224 3257 Qua
250 3192 444 3245 re‚-cum
469 3180 501 3234 et
523 3168 661 3234 bellum.
673 3168 715 3234 sit
734 3168 779 3234 ita
790 3168 1027 3241 ⁴necessarium
1044 3178 1081 3234 ut

39 3263 170 3357 neglegi
205 3292 275 3334 non
312 3269 432 3354 possit,
464 3269 510 3333 ita
548 3291 714 3356 magnum
750 3279 788 3333 ut
824 3267 1080 3335 accuratissime

40 3364 74 3428 sit
98 3369 427 3444 administrandum
463 3379 496 3433 et
523 3389 601 3432 cum
629 3366 661 3433 ei
689 3369 930 3453 imperatorem
958 3371 1081 3454 praefi·

10 3534 14 3537 ,
40 3482 106 3531 cere
123 3468 272 3552 possitis,
290 3468 325 3531 in
342 3490 409 3554 quo
426 3468 610 3571 &eximia
627 3469 709 3533 belli
726 3468 880 3544 scientia,
895 3469 1080 3557 singularis

39 3561 146 3639 virtus,
163 3568 353 3632 clarissima
367 3567 561 3642 auctoritas,
578 3568 721 3655 egregia
734 3569 882 3644 sortuna,
894 3608 938 3617 —
949 3571 1081 3634 dubita·

4 3694 6 3699 ·
39 3659 87 3736 tis,
105 3663 268 3749 Quirites,
286 3667 368 3752 quin
386 3668 451 3730 hoc
468 3668 708 3769 tantqu,
727 3670 819 3752 quod
839 3670 935 3734 vobis
959 3671 1003 3732 ab
1027 3670 1080 3734 dis

40 3756 277 3830 immortalibus
300 3767 450 3832 oblatum
475 3778 509 3830 et
532 3767 648 3831 datum
673 3778 735 3841 est,
754 3768 788 3830 in
811 3790 882 3831 rem
905 3769 1080 3852 publicam

41 3866 301 3930 conservandam
320 3876 421 3952 atque
438 3855 717 3950 amplificandam
735 3866 939 3953 cQfflis?
985 3887 1077 3930 xvrr.

42 3972 84 4019 ⁵⁰·
106 3959 208 4046 Qod
230 3965 258 4029 si
282 3965 418 4030 Romae
443 3964 510 4030 Cn.
529 3963 713 4049 Pompeius
733 3965 885 4050 privatus
906 3978 995 4069 esset
1014 3968 1080 4030 hoc

902 4076 999 4105 ...a
