2722 4438
108 225 157 265 nn
170 212 216 283 90·l
411 215 503 282 Milo
525 218 599 282 and
625 217 778 285 Clodius.
1059 221 1119 308 165

101 416 224 499 exemplo
238 416 410 482 bonorum
429 427 462 482 et
477 417 612 483 sortium
630 418 770 484 civium.
819 419 914 506 Quid
931 423 1119 508 republica,

98 514 154 598 quid
175 535 208 578 se
230 514 380 601 dignum
405 529 506 591 esset,
531 518 607 603 quis
632 518 705 604 ipse
730 531 832 593 esset,
857 522 940 608 quid
967 545 1119 609 sperare,

95 612 152 696 quid
179 614 369 701 majoribus
400 616 470 680 suis
501 616 644 682 reddere
679 619 831 693 deberet,
861 620 1121 709 diligentissime

92 708 246 797 cogitabat.
315 732 365 779 44.
390 715 483 780 Huic
522 717 680 803 gravitati
721 719 869 785 bominis
896 721 1034 789 videbat
1064 724 1120 789 ille

89 810 232 894 gladiator
266 836 322 889 se,
363 816 391 880 si
427 815 577 880 moribus
615 827 745 905 ageret,
779 840 897 905 parem
940 843 1015 886 esse
1052 844 1120 887 non

70 930 174 991 posse.
221 911 282 978 Aa
309 915 518 980 cotidianam
544 917 702 992 caedem,
728 917 900 996 incendia,
922 922 1060 1007 rapinas
1084 944 1120 987 se

86 1027 143 1071 cunr
164 1014 321 1076 exercitu
347 1036 409 1079 suo
433 1015 594 1079 contulit:
624 1017 763 1082 domum
788 1041 1003 1108 oppugnare,
1025 1021 1121 1086 itine-

85 1107 155 1172 ribus
176 1131 378 1187 0ccurrere,
403 1114 436 1178 vi
461 1114 632 1181 lacessere
656 1129 690 1182 et
716 1129 842 1185 terrere
867 1121 990 1206 coepit.
1038 1120 1120 1186 Non

84 1209 165 1272 movit
176 1211 359 1277 hominem
373 1234 508 1279 summa
518 1216 687 1303 gravitate
697 1240 900 1306 summaque
916 1222 1118 1286 constantia.

85 1304 183 1370 Sed—
193 1333 413 1401 quamquam
427 1315 524 1380 dolor
538 1318 657 1393 animi,
670 1319 950 1395 innatalibertaS‚
964 1332 1121 1406 prompta

83 1409 307 1499 excellensque
339 1415 445 1480 virtus
474 1416 694 1482 fortissimum
719 1419 829 1484 virum
854 1421 1064 1495 hortabatur,
1087 1420 1120 1485 vi

83 1505 132 1569 vim
146 1511 315 1590 oblatam,
336 1518 535 1601 praesertim
553 1519 705 1604 saepius,
723 1533 759 1584 ut
779 1519 953 1607 frangeret
977 1532 1010 1583 et
1032 1520 1122 1583 resu-

83 1614 308 1679 taret—tanta
327 1617 514 1682 moderatio
531 1617 594 1682 fuit
610 1619 769 1694 hominis,
784 1632 912 1683 tantum
927 1619 1119 1693 consillum,

87 1718 107 1770 rt
117 1713 304 1782 contineret
321 1718 489 1793 dolorem,
507 1740 619 1804 neque
640 1719 759 1783 eadem
781 1740 817 1784 se
841 1740 878 1783 re
902 1721 1123 1786 ulcisceretur

84 1827 129 1891 qua
143 1827 233 1881 esset
250 1818 456 1892 lacessitus;
480 1820 541 1884 sed
558 1820 667 1893 illurn,
685 1830 732 1883 tot
744 1819 816 1907 jam
833 1818 867 1882 in
881 1818 1056 1884 funeribus
1072 1820 1121 1885 rei

82 1910 217 1989 publicae
232 1920 466 1985 exsultantem
484 1941 524 1984 ac
537 1919 791 2003 tripudiantem,
807 1920 937 2006 legum,
947 1920 979 2004 ¹si
993 1933 1119 2005 posset,

80 2006 189 2097 laqueis
207 2020 477 2107 constringeret.
527 2035 572 2082 45.
597 2018 785 2084 Descendit
805 2021 849 2084 ad
873 2020 1118 2086 accusandum.

82 2105 151 2193 Qus
166 2138 339 2207 umquam
358 2132 427 2185 tam
445 2120 580 2205 proprie
604 2119 653 2184 rei
678 2119 836 2205 publicae
861 2118 988 2184 causa?
1018 2121 1121 2186 nullis

79 2204 261 2295 inimicitiis,
278 2220 385 2286 nullis
398 2220 572 2306 praemiis,
589 2221 684 2284 nulla
702 2219 879 2284 hominum
896 2221 1121 2306 postulatione

80 2323 124 2375 aut
145 2319 248 2385 etiarn
277 2312 441 2407 opinione
470 2321 505 2385 id
532 2342 611 2384 eum
639 2341 803 2406 umquam
833 2322 909 2385 esse
937 2319 1119 2385 sucturum.

78 2404 174 2480 Fracti
191 2433 295 2486 erant
313 2420 417 2484 animi
436 2420 604 2485 hominis:
630 2419 696 2484 hoc
713 2419 804 2483 enim
823 2431 1018 2495 accusante,
1037 2421 1122 2505 pris·
1146 2459 1151 2469 ·

78 2507 124 2574 tini
149 2516 242 2586 illius
272 2520 327 2587 sui
352 2520 458 2608 judici
487 2519 731 2604 turpitudinem
759 2520 972 2603 desperabat.
1029 2519 1121 2584 Ecce

77 2605 122 2674 libi
138 2622 275 2696 consul,
294 2632 443 2706 praetor,
462 2619 616 2684 tribunus
633 2617 742 2702 plebis
766 2639 855 2682 nova
880 2619 959 2682 novi
985 2620 1122 2705 generis

77 2709 171 2780 edicta
196 2731 417 2808 proponunt:
449 2717 510 2784 Ne
526 2738 606 2781 reus
622 2718 726 2791 adsit,
745 2724 788 2779 rie
803 2718 941 2796 cz'totur,
959 2740 1002 2780 no
1019 2739 1122 2801 quae·

76 2820 177 2893 ratior,
212 2843 258 2885 ne
291 2822 495 2885 onerationem
529 2817 664 2880 oornrizo
692 2818 853 2901 cuiquam
873 2816 1036 2902 judz'cum
1061 2825 1123 2880 aut

74 2906 284 2988 judiciorum
303 2920 436 3006 facere
466 2918 580 2982 liceat.
631 2914 727 3000 Quid
759 2927 879 3003 ageret
910 2915 966 2979 vir*
988 2916 1031 2980 ad
1055 2916 1122 2979 vir·

75 3015 181 3093 turem,
215 3021 435 3110 dignitatem,
469 3017 613 3106 gloriam
655 3028 767 3092 natue,
805 3016 838 3080 vi
878 3017 1120 3081 sceleratorum

76 3104 242 3185 hominum
284 3120 521 3194 conroborata,
551 3117 687 3205 legibus
719 3117 926 3205 judiciisque
958 3115 1121 3179 sublatis?

75 3203 228 3287 Cervices
257 3221 412 3286 tribunus
437 3219 546 3305 plebis
570 3218 715 3303 privato,
738 3213 1048 3302 praestantissimus
1070 3216 1121 3279 vir

75 3313 344 3405 profligatissimo
373 3320 500 3385 homini
529 3316 646 3383 daret?
687 3339 729 3381 an
759 3337 900 3380 causam
926 3327 1119 3401 susceptam

75 3408 266 3502 adfligeret?
290 3443 333 3485 an
351 3442 387 3485 se
404 3420 497 3485 domi
513 3416 722 3493 contineret?
753 3416 797 3481 Et
809 3416 899 3480 vinci
913 3426 1011 3500 turpe
1024 3429 1120 3501 puta-

76 3504 129 3581 vit,
143 3528 174 3579 et
190 3520 365 3595 deterreri,
381 3532 413 3584 et
429 3521 546 3584 latere.
596 3517 744 3582 Perfecit
759 3528 808 3591 ut,
823 3517 986 3603 quoniam
1004 3517 1066 3581 sibi
1084 3517 1119 3580 in

76 3598 161 3675 illum
182 3617 316 3707 legibus
341 3621 387 3684 uti
410 3642 478 3684 non
500 3619 629 3692 liceret,
653 3618 743 3682 illius
767 3618 836 3681 vim
862 3639 973 3703 neque
997 3617 1031 3681 in
1056 3638 1119 3681 suo

79 3717 179 3792 nt{que
203 3718 237 3783 in
260 3720 308 3784 rei
332 3720 490 3803 publicae
516 3718 668 3803 periculo
692 3716 957 3803 pertimesceret.

76 3808 79 3815 ¹
116 3820 160 3870 ⁴⁶·
185 3814 263 3904 Quo
287 3819 389 3884 modo
411 3818 515 3905 igitur
537 3818 602 3881 hoc
624 3817 658 3880 in
681 3839 809 3903 genere
835 3817 1002 3904 [praesidi
1026 3838 1118 3881 com-

82 3911 196 4002 parari]
216 3939 356 3985 accusas
378 3916 541 3993 Sestium,
563 3937 641 3981 curn
666 3916 758 3981 idem
783 3916 904 3982 laudes
926 3913 1118 3982 Milonem?
