2572 4442
150 211 195 277 80
373 208 742 297 ΡοῃφεγέΜιἸίίανγ
771 204 971 273 Command.
1066 201 1216 272 [MAML
1272 278 1277 282 ι

150 412 211 476 ciis
235 409 403 498 singulari
426 409 635 485 innocentia,
653 407 833 496 gravitate,
852 406 994 470 virtute:
1017 405 1152 489 bellum
1172 404 1211 469 in

149 510 270 576 Africa
290 510 480 579 maximum
502 509 660 583 confecit,
678 509 842 572 victorem
866 504 1054 570 exercitum
1079 503 1210 589 depor-

150 610 243 676 tavit.
294 610 390 695 (Quid
412 632 493 675 vero
517 622 587 673 tam
611 608 800 673 inauditum
824 627 928 692 quam
953 604 1100 690 equitem
1127 604 1204 668 Ro«

150 732 291 774 manum
323 708 555 795 triumphare?
600 707 647 772 At
678 729 755 772 eam
787 726 922 793 quoque
953 725 1025 768 rem
1054 705 1196 788 populus

151 810 332 875 Romanus
359 831 429 874 non
453 809 555 874 modo
578 809 674 883 vidit,
700 807 762 872 sed
785 806 939 872 omnium
963 804 1066 873 etiarn
1090 803 1201 867 studio

150 910 329 974 visendam
354 921 387 974 et
409 908 717 973 concelebrandam
742 905 883 992 putavit.
912 923 988 999 ⁴62.
1013 903 1109 988 Quid
1131 915 1204 967 tam

151 1010 350 1074 inusitatum
362 1030 465 1095 quam
480 1020 528 1082 ut,
543 1028 622 1071 cum
635 1007 703 1072 duo
720 1008 878 1071 consules
895 1005 1075 1071 clarissimi
1091 1003 1207 1069 sortis-

152 1109 297 1195 simique
314 1118 440 1195 essent,
460 1128 565 1193 eques
584 1107 766 1171 Romanus
791 1107 834 1170 ad
858 1106 986 1171 bellum
1013 1104 1207 1168 maximum

153 1208 576 1294 formidolosissimumque
594 1229 655 1291 pro
672 1208 813 1272 consule
830 1204 1038 1296 Qur?
1073 1203 1210 1268 Missus

153 1319 233 1373 est.¹
266 1309 347 1392 Qio
371 1308 509 1395 quidem
533 1320 699 1394 tempore,
723 1329 802 1372 cum
826 1318 918 1389 esset
942 1329 1011 1371 non
1038 1326 1140 1369 nemo
1171 1303 1210 1366 in

153 1420 273 1473 senatu
290 1409 348 1495 qui
366 1410 493 1499 del
508 1430 575 1472 non
594 1416 754 1495 oportere
777 1409 871 1472 atriti
889 1409 1058 1472 hominem
1076 1407 1211 1492 praba-

153 1518 224 1573 tum
242 1516 314 1596 pro
338 1510 488 1584 consule,
510 1507 553 1572 L.
576 1508 757 1593 Philippus
781 1508 909 1573 dixi'sse
933 1508 1054 1573 dicitur
1078 1528 1146 1570 non
1171 1525 1212 1568 se

154 1609 251 1673 illum
279 1631 342 1674 sua
369 1611 538 1673 sententia
560 1617 632 1696 pro
660 1609 809 1684 consule,
832 1609 894 1672 sed
912 1615 984 1695 pro
1012 1606 1211 1673 consulibus

154 1712 301 1775 mettere.
351 1709 465 1774 Tanta
482 1710 515 1773 in
533 1731 574 1775 eo
590 1709 639 1773 rei
656 1709 814 1793 publicae
831 1710 918 1775 bene
934 1709 1109 1796 gerendae
1126 1727 1210 1790 spes

155 1811 432 1885 constituebatur,
452 1821 488 1874 ut
504 1811 648 1875 duorum
667 1811 846 1874 consulum
863 1830 987 1873 munus
1004 1809 1104 1871 unius
1122 1807 1212 1870 adu-

155 1910 314 1974 lescentis
341 1909 454 1974 virtuti
482 1910 756 1983 committeretur.
808 1907 903 1994 Quid
930 1921 998 1973 tam
1030 1907 1211 1994 singulare

155 2031 258 2096 quam
287 2021 323 2073 ut
350 2030 394 2074 ex
423 2020 562 2074 senatus
590 2008 746 2073 consulto
773 2009 908 2095 legibus
933 2009 1062 2072 solutus
1086 2006 1212 2072 consul

156 2122 233 2174 ante
253 2109 361 2201 Q,
379 2130 483 2194 quam
502 2110 611 2172 ullum
632 2108 737 2171 alium
762 2108 999 2195 magistratum
1024 2129 1086 2192 per
1109 2108 1211 2194 leges

122 2230 279 2294 „capere
304 2207 476 2299 llfifllfflt?
507 2207 589 2294 quid
605 2220 676 2270 tum
694 2208 894 2273 incredibile
911 2230 1015 2295 quam
1032 2219 1068 2271 ut
1084 2208 1210 2271 iterum

156 2331 260 2396 eques
292 2309 474 2374 Romanus
506 2330 550 2372 ex
586 2319 724 2371 senatus
766 2309 920 2374 consulto
960 2307 1211 2399 tQQl?

157 2408 259 2495 Quae
275 2408 309 2472 in
327 2409 485 2473 omnibus
506 2407 701 2472 hominibus
721 2429 810 2472 nova
834 2421 911 2493 post
933 2409 1111 2474 hominum
1137 2430 1211 2472 me-

156 2509 299 2575 moriam
324 2509 504 2573 constituta
528 2519 618 2582 sunt,
641 2529 682 2571 ea
706 2520 776 2572 tarn
801 2510 906 2573 multa
924 2531 991 2574 non
1009 2522 1087 2575 sunt
1102 2531 1210 2596 quam

156 2611 255 2684 haec,
283 2629 371 2695 quae
397 2608 432 2671 in
460 2609 526 2672 hoc
549 2629 618 2672 uno
643 2608 781 2673 homine
805 2608 973 2673 videmus.
1021 2626 1068 2673 aa.
1092 2608 1209 2696 Atque

157 2711 243 2775 haec
259 2721 307 2773 tot
321 2709 495 2793 exempla,
512 2718 605 2771 tanta
624 2698 665 2771 ac
681 2719 750 2771 tam
775 2730 877 2783 nova,
895 2708 1046 2793 profecta
1070 2711 1209 2775 suntin

156 2811 303 2875 eundem
321 2807 494 2873 hominem
511 2828 532 2871 a
546 2806 600 2891 Q
613 2805 727 2872 Catuli
748 2821 848 2895 atque
868 2830 888 2872 a
909 2821 1098 2874 ceterorum
1118 2810 1211 2898 ejus-

157 2912 235 2975 dem
253 2907 427 2997 dignitatis
445 2907 734 2991 amplissimorum
751 2908 928 2972 bominum
949 2911 1157 2975 auctoritate.

200 3030 292 3074 xxn.
305 2983 401 3095 ‘Qua
414 3007 603 3096 revssleant
615 3029 658 3071 ne
668 3007 715 3091 sit
725 3007 941 3094 periniquum
959 3021 992 3074 et
1007 3032 1076 3075 non
1093 3011 1210 3075 serun-

158 3112 251 3185 dum,
270 3109 404 3173 illorum
422 3106 655 3170 auctoritatem
676 3107 718 3171 de
743 3105 811 3172 Cn.
830 3107 972 3193 Pompei
996 3111 1161 3196 dignitate
1186 3133 1208 3176 a

157 3211 253 3273 vobis
277 3207 533 3292 comprobatam
558 3227 695 3291 semper
718 3228 806 3282 esse,
829 3218 979 3273 vestrum
1005 3212 1048 3275 ab
1072 3211 1139 3276 illis
1163 3212 1206 3276 de

157 3307 441 3374 eodem'homine
462 3306 629 3395 judicium
653 3307 844 3393 populique
859 3307 1009 3375 Romani
1027 3311 1208 3376 auctorita-

158 3423 224 3474 tem
242 3408 463 3510 improbari3l
474 3406 674 3491 praesertim
692 3427 770 3471 cum
790 3392 863 3494 jain
880 3430 942 3474 suo
963 3410 1040 3496 jure
1061 3412 1207 3496 populus

159 3510 340 3573 Romanus
363 3508 398 3571 in
423 3508 489 3572 hoc
513 3507 651 3571 homine
675 3528 774 3572 suam
800 3510 1032 3574 auctoritatem
1053 3512 1107 3575 vel
1127 3533 1208 3575 con-

158 3625 208 3674 tra
235 3608 345 3673 omnis
370 3607 428 3693 qui
454 3607 656 3671 dissentiunt
681 3608 786 3692 possit
809 3609 1006 3685 defendere,
1028 3624 1212 3695 propterea

158 3710 263 3796 quod,
284 3708 393 3771 isdem
418 3706 488 3770 istis
517 3707 795 3783 reclamantibus,
818 3726 878 3772 vos
907 3731 1012 3773 unum
1040 3711 1136 3776 illum
1163 3733 1207 3776 ex

158 3810 318 3875 omnibus
334 3805 509 3893 delegistis
526 3827 627 3892 quem
644 3807 734 3873 bello
752 3808 963 3892 praedonum
982 3832 1207 3897 qupere-

159 3911 214 3994 tis.
261 3924 308 3972 aa.
333 3908 411 3972 Hoc
435 3906 463 3971 si
482 3928 543 3971 vos
559 3919 686 3970 temere
703 3906 842 3983 fecistis,
860 3919 893 3972 et
909 3908 957 3974 rei
974 3911 1132 3995 publicae
1148 3932 1208 3996 pa-
