2572 4442
72 182 117 269 xn
132 216 183 285 31.]
284 216 402 284 Fame
425 219 482 285 the
504 218 640 285 Mosae
663 221 711 306 (ff
736 218 869 285 Virtue.
1044 234 1106 307 145

20 380 22 465 l

15 712 25 795 'l

16 1008 28 1051 ,l

18 1394 28 1443 l

18 1474 24 1539 l

66 420 121 483 hoc
143 429 208 481 tam
232 416 369 506 exiguo
391 418 481 486 vitae
505 419 675 487 curriculo
699 418 842 508 [ettam
869 418 982 508 brevi]
1007 417 1109 485 tantis

63 541 115 584 nos
130 518 162 581 in
179 517 362 584 laboribus
384 520 630 586 exerceamus?
675 538 724 586 aa.
747 519 850 586 Certe
874 520 903 585 si
927 519 1012 584 nihil
1035 517 1109 583 ani·

62 641 125 683 mus
144 619 376 703 praesentiret
394 619 429 683 in
450 631 638 705 posterum,
659 634 692 687 et
711 623 739 687 si
763 620 887 707 quibus
911 618 1109 706 regionibus

59 720 136 783 vitae
161 719 315 804 spatium
328 705 630 811 (circumscriptum
648 719 718 813 est‚)
730 721 860 785 eisdem
880 718 990 784 omnis
1014 718 1109 804 cogi·

59 821 189 884 tationes
214 821 422 886 terminaret
441 841 543 892 suas;
576 843 640 887 nec
656 822 758 888 tantis
775 843 811 887 se
829 819 1002 885 laboribus
1018 819 1109 883 fran-

58 930 153 1005 geret,
173 941 291 1006 neque
309 931 359 987 tot
376 920 467 985 curis
483 920 678 1008 vigiliisque
696 931 892 1009 angeretur,
907 939 973 984 nec
988 918 1110 983 totiens

58 1019 93 1083 de
121 1019 194 1104 ipsa
223 1021 299 1085 vita
334 1021 525 1086 dimicaret.
586 1020 692 1086 Nunc
722 1020 847 1086 insidet
877 1018 1049 1105 quaedam
1074 1016 1110 1081 in

57 1118 172 1202 optimo
204 1141 352 1208 quoque
382 1121 502 1196 virtus,
527 1141 617 1207 quae
649 1120 757 1186 noctis
789 1141 831 1185 ac
852 1119 931 1185 dies
957 1117 1111 1182 animum

56 1219 175 1303 gloriae
193 1219 349 1286 stimulis
366 1221 525 1296 concitat,
541 1232 643 1308 atque
661 1220 823 1291 admonet
838 1240 906 1285 non
923 1238 1003 1282 cum
1019 1216 1111 1281 vitae

57 1328 197 1403 tempore
215 1341 299 1386 esse
317 1321 555 1387 dimittendam
580 1319 940 1387 commemorationem
963 1315 1110 1383 nominis

57 1419 162 1495 nostri,
182 1421 247 1485 sed
266 1442 350 1486 cum
367 1421 460 1486 omni
485 1421 679 1507 posteritate
697 1419 973 1506 adaequandam.

19 1540 21 1571 l
94 1538 156 1582 x11.
193 1537 246 1584 ao.
284 1520 345 1587 An
369 1544 451 1587 vero
479 1533 547 1586 tam
580 1522 677 1606 parvi
702 1519 808 1584 animi
832 1519 1012 1584 videamur
1035 1537 1111 1582 esse

57 1637 178 1696 omnes,
198 1623 262 1707 qui
289 1622 324 1686 in
349 1643 386 1686 re
410 1622 548 1706 publica
574 1632 676 1708 atque
700 1620 735 1685 in
760 1620 813 1685 his
835 1618 925 1683 vitae
949 1616 1111 1703 periculis

57 1715 298 1809 laboribusque
323 1743 513 1797 versamur,
539 1732 587 1797 ut,
610 1743 688 1786 cum
711 1742 820 1807 usque
849 1718 893 1784 ad
918 1728 1111 1783 extremum

58 1819 196 1899 spatium
230 1822 369 1887 nullum
401 1821 621 1908 tranquillum
651 1833 753 1908 atque
781 1818 927 1885 otiosum
954 1816 1111 1903 spiritum

59 1916 268 1998 duxerimus,
295 1921 474 1987 nobiscum
506 1921 608 1986 simul
628 1920 804 1985 ‘moritura
831 1917 947 1993 omnia
971 1916 1113 1982 arbitre.

58 2016 146 2083 mur?
192 2020 254 2085 An
282 2033 410 2086 statuas
435 2033 468 2086 et
491 2021 674 2108 imagines
696 2042 764 2085 non
790 2019 982 2084 animorum
1006 2016 1111 2083 simu·

59 2112 141 2182 lacra
165 2122 232 2186 sed
268 2122 463 2207 corporum,
489 2121 639 2186 studiose
668 2120 764 2185 multi
797 2119 921 2185 summi
953 2117 1110 2184 homines

15 2270 16 2273 ,
59 2216 286 2303 reliquerunt3
316 2220 536 2286 consiliorum
564 2221 757 2309 relinquere
782 2241 824 2286 ae
846 2218 1008 2284 virtutum
1032 2240 1111 2282 nos-

15 2344 17 2373 1
60 2322 177 2383 trarum
196 2322 352 2408 effigiem
377 2343 492 2386 nonne
510 2322 616 2386 multo
640 2322 744 2385 malle
769 2321 948 2394 debemus,
967 2318 1110 2383 summis

60 2411 201 2501 ingeniis
219 2441 423 2506 expressam
441 2431 473 2485 et
489 2419 653 2506 politam?
696 2420 774 2507 Ego
791 2442 872 2485 vero
888 2418 1004 2485 omnia
1020 2438 1110 2504 quae

62 2519 232 2597 gerebam,
249 2520 406 2610 jamtum
424 2520 458 2584 in
476 2522 630 2607 gerendo
647 2541 812 2607 spargere
829 2541 884 2584 me
901 2539 943 2584 ac
955 2518 1110 2583 dissemi-

15 2622 16 2625 ’
62 2632 135 2681 nare
148 2621 343 2685 arbitrabar
355 2620 388 2683 in
401 2620 493 2685 orbis
506 2632 616 2685 terrae
634 2619 833 2684 memoriam
851 2618 1106 2703 sempiternam.
1164 2666 1168 2673 ,
1188 2686 1192 2703 1

62 2709 153 2783 Haec
168 2742 255 2786 vero
283 2721 355 2785 sive
372 2741 391 2783 a
410 2741 486 2784 meo
504 2741 607 2785 sensu
631 2730 706 2805 post
724 2730 866 2785 mortem
893 2718 1027 2791 afutura
1044 2727 1108 2793 est,
1121 2729 1137 2771 ϊ

63 2811 232 2886 sive—ut
256 2819 495 2906 sapientissimi
521 2819 677 2884 homiues
706 2817 1020 2904 putaverunt-ad
1049 2818 1111 2880 ali-

16 2936 19 2989 l
64 2933 157 2997 quam
184 2921 252 2985 mei
277 2933 407 3005 partem
432 2920 624 3005 pertinebit,
643 2941 735 2984 nunc
751 2919 891 3006 quidem
908 2930 998 2982 certe
1016 2917 1111 3005 cogis

16 3010 21 3055 l
63 3015 181 3084 tatione
206 3022 355 3107 quadam
381 3041 510 3106 speque
531 3022 692 3085 delector.
734 3055 737 3061 ·

17 3144 19 3189 ³
101 3131 142 3180 31.
175 3120 259 3208 Qa
286 3142 323 3185 re
351 3134 565 3196 conservate,
594 3121 742 3209 judices,
772 3118 946 3186 hominem
978 3116 1112 3203 pudore

16 3220 18 3223 ’
66 3232 110 3290 ⁶0,
128 3241 232 3306 quem
258 3221 446 3286 amicorum
464 3221 585 3285 videtis
603 3222 817 3306 comprobari
841 3241 920 3285 cum
943 3218 1109 3306 dignitate

66 3322 127 3382 tum
144 3323 247 3386 etiam
265 3332 451 3395 vetustate3
472 3321 612 3408 ingenio
637 3333 750 3385 autem
767 3332 874 3394 tanto,
892 3329 1056 3406 quantum
1074 3319 1109 3397 id

67 3422 217 3486 convenit
240 3420 440 3495 existimari,
458 3423 550 3506 quod
574 3442 786 3485 summorum
810 3421 987 3485 hominum
1011 3420 1109 3507 iuges

67 3514 125 3580 niis
151 3520 336 3605 expetitum
366 3542 441 3584 esse
465 3520 629 3593 videatis;
661 3540 766 3583 causa
790 3541 872 3585 vero
900 3520 973 3608 ejus
1001 3519 1106 3592 modi,

68 3631 148 3696 quae
170 3620 338 3685 beneficio
362 3619 463 3706 legis
491 3619 688 3684 auctoritate
714 3619 891 3703 municipi,
916 3620 1108 3686 testimonio

68 3707 209 3797 Luculli,
228 3720 352 3784 tabulis
377 3718 509 3783 Metelli
534 3715 784 3804 comprobetur.
835 3718 937 3805 Quae
961 3742 1039 3784 cum
1062 3720 1108 3792 ita

70 3810 138 3893 sint,
164 3820 309 3906 petimus
335 3840 354 3882 a
378 3819 487 3893 vobis
509 3818 657 3906 judiceS,
672 3818 700 3882 si
724 3839 792 3903 qua
819 3840 888 3883 non
916 3820 1017 3884 modo
1045 3817 1108 3881 bu«

71 3930 174 3999 mana,
199 3941 319 3985 verum
351 3919 453 3984 etiam
485 3918 601 3983 divina
632 3917 668 3982 in
698 3918 799 3983 tantis
835 3918 983 4006 ingeniis
1014 3938 1108 3983 com·

565 4041 600 4078 10
