2572 4442
171 213 236 281 108
456 212 669 303 Conspr‘racy
694 214 742 301 os
761 211 939 280 Cardine.
1020 228 1023 235 ·
1067 205 1193 278 [CATHu
1212 209 1248 266 Π·

107 484 112 503 ,
213 435 278 480 xu.
303 432 351 480 aa.
375 414 477 501 Quae
501 434 579 478 curn
604 413 650 478 ita
673 413 751 489 sint,
765 411 955 497 ¹Quirites,
975 432 1058 521 {2⁵2
1078 432 1187 497 quern
1208 412 1249 478 ad
1277 428 1278 507 ζ

169 516 323 581 modum¹
335 517 408 606 jam
437 525 551 589 antea,
577 524 691 578 vestra
718 524 806 578 tecta
834 511 1019 578 custodiis
1050 511 1249 598 vigiliisque
1277 520 1278 585 ἒ

169 615 361 680 defendite:
393 613 490 729 ψ’,
512 624 551 678 ut
571 613 647 678 urbi
671 611 745 678 sine
762 623 878 677 vestro
898 624 1004 677 motu
1024 631 1070 675 ac
1087 610 1165 675 sine
1182 612 1248 676 ullo
1277 630 1278 633 ’

169 715 313 795 tumultu
329 714 410 779 satis
427 733 445 777 e
532 713 694 831 prr-rfgffli,
713 713 915 778 consultum
935 721 1050 798 atque
1071 710 1247 795 provisum

169 825 230 879 est.
269 813 392 880 Coloni
408 834 527 879 omnes
544 812 803 898 municipesque
816 811 944 886 vestri,
963 809 1141 875 certiores
1158 831 1179 874 a
1196 831 1246 875 me

168 912 247 978 sacti
265 914 308 978 de
325 914 391 978 hac
407 925 573 978 nocturna
590 911 795 977 excursione
808 910 1010 985 Catilinae,
1029 908 1139 1017 Q
1157 910 1246 974 urbis
1277 902 1278 983 l

169 1034 249 1078 suas
273 1013 417 1099 finisque
441 978 638 1077 delenllent.
689 1010 926 1087 Gladiatores,
955 1031 1073 1096 quam
1100 1008 1172 1117 Q
1191 1008 1246 1074 ille
1277 1040 1278 1109 3

170 1134 309 1176 manum
327 1111 551 1178 certissimam
568 1111 640 1177 fore
660 1112 803 1197 putavit,
816 1129 1105 1196 -quamquam
1133 1129 1245 1222 affl
1277 1122 1278 1149 ³

169 1212 309 1277 meliore
333 1222 411 1276 sunt
438 1232 542 1298 quam
570 1233 651 1297 pars
679 1210 915 1297 patriciorum,
931 1219 1175 1295 —potestate
1199 1219 1245 1271 ta·
1277 1218 1278 1311 l

170 1331 249 1375 men
273 1323 391 1376 'nostra
419 1310 691 1376 continebuntur.
743 1309 797 1394 Q
819 1308 1009 1384 Metellus,
1040 1329 1151 1395 quem
1179 1327 1243 1393 ego
1277 1350 1278 1375 l

170 1411 235 1477 hoc
251 1410 463 1495 prospiciens
479 1410 514 1475 in
531 1431 654 1498 agrum
671 1408 851 1522 Q
863 1407 1123 1520 PQque
1147 1427 1242 1491 prae·

169 1510 260 1585 misi,
285 1521 344 1574 aut
370 1509 540 1596 opprimet
568 1509 755 1585 hominem,
782 1521 841 1575 aut
867 1510 990 1576 omnis
1021 1509 1103 1598 ejus
1133 1517 1242 1572 motus

169 1621 380 1697 conatusque
396 1609 600 1695 prohibebit.
650 1609 808 1696 Reliquis
826 1620 944 1674 autem
963 1611 1012 1675 de
1030 1611 1142 1674 rebus
1164 1627 1241 1703 Q-

170 1710 359 1816 stjs,
386 1710 610 1786 maturandis,
637 1709 795 1796 agendis,
821 1709 895 1798 jam
921 1709 971 1776 ad
997 1720 1167 1775 senatum
1190 1725 1240 1770 re·

169 1810 330 1884 seremuS,
349 1832 452 1897 quem
469 1810 584 1875 vocari
600 1810 734 1875 videtis.
1160 1876 1162 1881 s

213 1927 260 1974 27.
284 1910 388 1977 Nunc
411 1911 488 1975 illos
511 1910 624 1997 quiin
643 1910 727 1974 urbe
744 1906 1001 2018 remanpe-runt,
1022 1916 1132 1995 atque
1150 1904 1235 1971 adeo

170 2010 228 2095 qui
242 2022 360 2074 contra
371 2009 465 2075 urbis
481 2011 626 2074 salutem
643 2009 865 2095 omniumque
882 2020 1043 2074 vestrum
1062 2009 1099 2073 in
1117 2007 1200 2071 urbe
1215 2024 1236 2067 a

171 2108 321 2175 Catilina
345 2108 453 2173 relicti
477 2119 567 2183 sunt,
591 2128 801 2194 quamquam
830 2119 909 2173 sunt
940 2109 1080 2182 hostes,
1105 2098 1237 2175 tarnem.
1277 2176 1278 2189 ,

170 2208 252 2297 quia
269 2219 347 2274 sunt
359 2209 463 2283 cives,
478 2229 624 2341 Q
641 2208 743 2279 etiam
760 2218 861 2295 atque
878 2208 985 2273 etiam
1003 2208 1103 2274 volo.
1153 2202 1234 2268 Mea

171 2308 293 2374 lenitas
309 2307 338 2372 si
355 2307 409 2372 cui
427 2307 540 2372 adhuc
557 2307 697 2372 solutior
720 2307 794 2373 visa
817 2319 881 2383 est,
906 2308 974 2373 hoc
1001 2302 1230 2392 exspectavit,

116 2425 119 2432 ·
171 2419 208 2492 ut
233 2408 269 2472 id
295 2407 388 2494 quod
414 2407 541 2472 latebat
568 2417 772 2517 eereruet.
824 2406 929 2491 Quod
953 2409 1138 2494 reliquum
1169 2413 1226 2476 est,

176 2507 248 2594 jam
274 2529 342 2571 non
366 2528 504 2592 possum
528 2506 683 2619 oplivp'sci
707 2528 821 2572 meam
846 2509 937 2572 hanc
962 2524 1043 2573 esse
1068 2504 1225 2592 patriam,

172 2629 226 2671 me
244 2608 364 2672 horum
381 2628 456 2672 esse
472 2607 663 2682 consulem,
684 2606 766 2670 m'hi
784 2618 842 2672 aut
858 2628 937 2672 cum
959 2608 1016 2673 his
1041 2604 1225 2672 vivendum

172 2718 229 2771 aut
245 2728 307 2793 pro
323 2706 377 2771 his
394 2727 469 2772 esse
487 2707 714 2772 moriendum.
763 2706 891 2772 Nullus
909 2718 959 2772 est
975 2708 1086 2793 portis
1100 2713 1222 2773 custos,

170 2808 285 2872 nullus
316 2807 492 2873 insidiator
506 2775 681 2873 *viiiesssi
705 2807 763 2895 qui
788 2807 883 2872 exire
907 2808 1041 2884 volunt,
1067 2804 1224 2871 conivere

169 2929 322 2995 possum.
372 2906 443 2991 Qi
467 2929 548 2972 vero
571 2930 609 2972 se
630 2907 666 2971 in
685 2909 770 2972 urbe
786 2907 1024 3019 CQQrit,
1044 2905 1143 2993 cujus
1159 2919 1221 2986 ego

170 3030 239 3074 non
255 3007 357 3072 modo
370 3008 510 3082 sactum,
525 3007 586 3071 sed
603 3007 775 3091 inceptum
792 3007 901 3070 ullum
920 3015 1128 3093 conatumve
1145 3020 1220 3065 con-

112 3154 122 3177 ,
169 3120 220 3174 tra
238 3108 383 3194 patriam
400 3106 672 3192 deprehendero,
687 3106 808 3175 sentiet
823 3106 857 3171 in
876 3108 942 3172 hac
955 3107 1040 3172 urbe
1053 3125 1130 3171 esse
1143 3119 1219 3166 con·

464 3189 609 3213 *nean—‘⁶'

65 3230 73 3293 ζ
170 3209 261 3273 sules
279 3208 465 3296 vigilantis,
483 3228 559 3274 esse
576 3206 736 3294 egregios
753 3207 988 3293 magistratus,
1006 3226 1084 3272 esse
1102 3203 1215 3268 sortem
1277 3286 1278 3289 Ἴ

171 3319 339 3380 senatum,
366 3329 442 3373 esse
471 3328 579 3379 arma,
605 3328 680 3371 esse
708 3328 897 3380 carcerem,
918 3328 1022 3394 quern
1046 3302 1214 3369 vindicem
1274 3292 1278 3377 l

170 3405 379 3470 nefariorum
402 3428 443 3471 ac
466 3407 723 3471 manifestorum
749 3407 919 3472 scelerum
944 3407 1093 3496 majores
1117 3392 1213 3466 nostri
1277 3420 1278 3497 q

171 3525 246 3569 esse
269 3505 461 3571 voluerunt.
1277 3508 1278 3529 ¹

192 3646 194 3650 -
216 3623 294 3668 xm.
320 3622 367 3669 as.
390 3604 504 3693 Atque
521 3605 739 3671 haecomnia
756 3606 806 3672 sic
823 3617 980 3695 agentur,
1001 3603 1164 3693 Quirites,
1180 3601 1213 3658 ul
1277 3610 1278 3617 ’

171 3704 344 3770 maximae
361 3727 415 3770 res
432 3706 572 3770 minimo
589 3718 694 3780 motu,
715 3707 867 3791 pericula
892 3729 1027 3772 summa
1051 3704 1142 3771 nullo
1163 3709 1210 3761 tu·
1277 3722 1278 3751 1

173 3806 292 3880 multu,
306 3805 434 3872 bellum
447 3806 642 3871 intestinum
656 3827 697 3872 ac
710 3806 933 3872 domesticum
951 3819 1027 3893 post
1042 3801 1210 3872 hominum
1277 3818 1278 3907 q

174 3907 372 3972 memoriam
390 3898 663 3973 crudelissimum
681 3917 714 3972 et
730 3906 932 3982 maximum,
949 3929 1003 3973 me
1019 3924 1087 3972 uno
1102 3906 1207 3987 togato
1277 3926 1278 3929 ¹
