2572 4442
213 347 276 417 140
499 282 718 413 Citiaensliipv
735 326 784 413 ‘ff
796 322 971 391 Arctus.
1137 315 1256 387 tarn.

254 548 321 593 vn.
361 544 403 592 to.
428 525 582 612 Qaeret
598 525 789 612 quispiam:
816 520 967 607 ‘Qidt
1000 520 1051 585 illi
1069 519 1135 604 ipsi
1152 520 1260 584 summi

209 626 287 704 viri,
305 649 449 714 quorum
468 627 605 690 virtutes
629 625 745 688 litteris
771 624 930 709 proditae
955 632 1052 695 sunt,
1072 620 1181 683 istane
1197 618 1262 681 doc-

210 728 312 803 trina,
329 748 434 813 quam
450 738 485 790 tu
502 724 603 789 effers
628 723 800 799 laudibus,
819 721 948 787 eruditi
973 716 1159 784 fuerunt?’
1205 716 1260 780 Dis·

57 836 88 885 ,’
152 835 173 897 ἒ,
211 827 301 892 ficile
327 838 378 891 est
403 810 480 890 hoc⁸
493 824 536 889 de
563 823 721 888 omnibus
750 823 975 895 confirmare,
996 819 1265 908 Sssd..t{mt}9„„,est

212 940 302 1001 certe
322 925 412 1011 quod
432 922 670 1019 respondeam.
718 921 795 1009 Ego
819 922 950 987 multos
977 918 1145 985 homines
1169 917 1266 981 excel·

89 1024 93 1031 “
165 1008 293 1091 *lenti
311 1025 426 1088 animo
450 1044 492 1087 ac
508 1024 628 1087 virtute
653 1021 770 1098 fuisse,
789 1032 822 1087 et
843 1022 917 1087 sine
945 1019 1115 1087 doctrina
1141 1029 1252 1080 natura

212 1124 319 1210 ipsius
336 1122 453 1187 habitu
470 1143 576 1207 prope
598 1121 713 1188 divino
730 1142 792 1206 per
808 1143 845 1187 se
862 1124 959 1208 ipsos
978 1131 1014 1185 et
1033 1119 1258 1184 moderatose

212 1223 329 1312 gravis
353 1222 533 1297 exstitisse,
552 1221 679 1287 fateor:
712 1222 814 1287 etiam
833 1222 918 1287 illud
943 1221 1125 1309 adjungo,
1146 1216 1268 1301 saepius

25 1324 39 1357 ·’
199 1324 258 1401 ad
275 1323 412 1387 laudem
429 1333 530 1409 atque
546 1322 705 1393 virtutem
722 1335 880 1388 naturam
896 1323 976 1389 sine
994 1320 1163 1388 doctrina
1179 1336 1268 1404 quam

81 1446 87 1491 ·.
128 1410 143 1431 ’“
191 1406 287 1487 ''dme
305 1433 425 1486 natura
441 1422 591 1488 valuisse
608 1422 810 1489 doctrinam.
854 1394 979 1511 idtque
990 1423 1099 1488 ‘idem
1119 1440 1188 1507 ego
1203 1437 1268 1481 con·

213 1522 329 1598 tendo,
344 1523 480 1587 eumad
497 1535 655 1587 naturam
668 1523 831 1589 eximiam
845 1535 946 1610 atque
957 1523 1153 1588 inlustrem
1168 1537 1266 1582 acces

215 1622 295 1687 serit
307 1622 391 1688 ratio
404 1623 574 1709 quaedam
588 1623 878 1717 consogmptioque
895 1624 1097 1698 doctrinae,
1112 1633 1186 1685 tum
1198 1616 1249 1680 illu
1266 1644 1267 1647 ¹

215 1724 331 1789 nescio
355 1723 437 1810 quid
461 1724 676 1809 praeclarum
693 1745 735 1788 ac
752 1724 927 1812 singulare
950 1725 1073 1789 solere
1099 1718 1255 1786 exsistere

214 1840 257 1888 lo.
273 1824 328 1888 Ex
345 1825 411 1889 hoc
427 1846 502 1890 esse
519 1825 612 1889 hunc
628 1846 782 1900 numer0,
801 1846 903 1910 quem
920 1837 1041 1909 patres
1059 1819 1171 1886 nostri
1189 1816 1265 1881 vide·

216 1937 306 1997 runt,
319 1924 470 1989 divinum
485 1925 658 1989 hominem
670 1923 872 1989 Africanum
886 1947 894 1998 ;
908 1947 953 1989 ex
964 1926 1035 1990 hoc
1048 1917 1264 1988 C.'Laelium,

216 2023 261 2090 L.
283 2024 439 2098 Furium,
465 2025 753 2089 moderatissimos
782 2024 937 2089 homines
962 2036 995 2088 et
1021 2012 1267 2088 continentissi-

217 2145 312 2198 mos3
330 2145 374 2188 ex
391 2125 457 2188 hoc
473 2123 692 2189 fortissimum
706 2123 815 2187 virum
833 2135 866 2188 et
877 2123 944 2203 illis
959 2122 1182 2208 temporibus
1199 2115 1264 2179 doc·

216 2222 660 2325 tissimumffllllgssatonem
684 2223 780 2287 illum
806 2245 945 2289 senem:
974 2223 1036 2309 qui
1065 2219 1220 2308 profecto
1242 2208 1263 2273 si

217 2325 357 2389 nihilad
371 2293 626 2409 percipien'cffim
643 2322 859 2410 [colendam]
875 2323 1032 2388 virtutem
1045 2320 1170 2387 litteris
1181 2312 1263 2401 adju·

217 2436 390 2496 vorentur,
409 2445 596 2510 numquam
613 2446 650 2488 se
667 2423 712 2488 ad
733 2444 851 2487 earum
868 2424 1017 2488 studium
1035 2418 1262 2489 contulissent.

220 2522 325 2610 Quod
350 2526 378 2590 si
404 2546 473 2590 nou
500 2524 555 2588 hic
572 2535 684 2588 tantus
709 2522 838 2588 fructus
864 2524 1117 2596 ostenderetur,
1138 2530 1171 2584 et
1186 2515 1211 2580 si
1227 2530 1261 2575 ex

218 2627 272 2691 his
288 2625 407 2691 studiis
425 2624 602 2691 delectatio
619 2625 692 2689 sola
712 2634 894 2708 peteretur,
912 2634 1027 2686 tamen
1056 2623 1116 2711 (ut
1132 2609 1258 2704 opinor)

219 2727 310 2792 hanc
327 2725 430 2791 animi
448 2725 685 2791 adversionem
711 2714 994 2787 humanissimam
1012 2744 1054 2788 ac
1073 2710 1259 2788 liberalissi·

219 2849 310 2891 mam
331 2826 542 2915 judicaretis.
592 2823 685 2888 Nam
703 2834 837 2888 ceterae
854 2843 964 2912 neque
981 2834 1179 2908 temporum
1196 2818 1260 2880 sunt

218 2949 329 3015 neque
354 2939 502 2992 aetatum
526 2924 680 2990 omnium
705 2944 816 3008 neque
841 2924 1015 2986 locorum:
1044 2925 1136 2989 haec
1161 2911 1257 2984 studia

219 3027 487 3093 adulescentiam
516 3025 623 3098 alunt,
653 3011 862 3088 senectutem
890 3023 1075 3100 oblectant,
1099 3015 1258 3090 secundas

219 3150 273 3193 res
294 3139 428 3201 ornant,
447 3124 600 3190 adversis
621 3122 816 3208 perfugium
839 3142 881 3186 ac
900 3124 1066 3188 solacium
1089 3120 1254 3211 praebent

219 3227 389 3291 delectant
405 3224 511 3299 domi,
529 3245 598 3288 non
620 3221 811 3307 impediunt
826 3222 919 3296 foris,
938 3235 1141 3308 pernoctant
1157 3214 1259 3286 nobis·

219 3346 311 3400 cum,
331 3326 606 3413 peregrinantur,
624 3323 840 3388 rusticantur.
854 3316 947 3501 π

263 3441 304 3487 1τ.
329 3424 484 3507 Quodsi
509 3424 574 3510 ipsi
599 3424 685 3488 haec
710 3443 820 3509 neque
845 3443 864 3486 a
891 3445 901 3487 1
928 3445 1010 3511 gere
1035 3446 1146 3511 neque
1166 3429 1258 3487 sensu

220 3534 334 3588 nostro
354 3537 492 3610 gustare
517 3545 707 3614 possemus,
726 3534 841 3588 tamen
858 3545 900 3588 ea
913 3524 1029 3589 mirari
1053 3526 1255 3619 debgpefflssss

220 3622 323 3688 etiam
340 3644 418 3687 cum
434 3623 470 3687 in
487 3625 562 3689 aliis
578 3624 785 3715 videremus.
819 3643 897 3687 vm.
926 3621 1015 3707 Quis
1032 3616 1271 3715 nostrii'u'i'tam1

221 3723 336 3788 animo
362 3723 488 3810 agresti
515 3745 556 3789 ac
573 3720 747 3798 duro‘fuit
766 3735 802 3788 ut
819 3723 925 3809 Rosci
944 3736 1048 3789 morte
1075 3744 1182 3811 nuper
1197 3728 1271 3809 nont

221 3821 513 3919 commoveretur?
537 3824 594 3908 qui
620 3844 699 3887 cum
725 3834 813 3913 Q
838 3818 945 3888 senex
972 3837 1135 3898 mortuus,
1154 3822 1271 3888 tamessl

220 3918 359 4010 propter
389 3922 615 3987 excellentem
648 3916 827 3986 artem‘a'c
852 3934 1065 3988 venustatem
1090 3908 1271 3995 videbatur}

221 4023 360 4103 omnino
387 4020 472 4084 mori
497 4040 566 4083 uon
593 4018 765 4084 debuisse.
814 4020 909 4108 Ergo
927 4022 983 4086 ille
1008 4012 1271 4107 corporismotu*
