2760 4448
155 273 198 320 20
388 312 391 319 .
475 253 633 341 Deserere
656 256 704 342 os
721 254 901 321 Roscius·
1010 253 1117 325 [ROSQ
1138 257 1203 310 AM·

153 476 231 525 cum
251 454 421 542 integram
442 455 607 540 praedam
632 455 705 521 sine
729 455 898 543 sanguine
923 457 1049 522 habere
1074 439 1201 543 posset,

153 567 294 624 cruenta
312 556 421 642 spolia
441 557 620 622 detrahere
644 555 782 621 mallet?
828 573 875 620 uo.
899 555 977 622 Scis
1001 558 1093 622 hunc
1118 558 1204 622 nihil

153 659 294 734 habere,
313 657 398 722 nihil
417 658 556 734 audere,
572 659 656 723 nihil
673 679 787 744 posse,
806 657 891 721 nihil
908 678 1072 744 umquam
1085 668 1205 722 contra

153 783 226 827 rem
251 773 345 826 tuam
371 761 562 849 cogitasse;
595 771 628 825 et
652 772 767 824 tamen
790 780 973 846 oppugnas
998 780 1076 823 eum
1100 779 1205 844 quem

154 883 265 950 neque
278 872 431 928 metuere
441 872 551 948 potes,
564 882 676 947 neque
687 860 800 926 odisse
812 860 929 936 debes
943 860 1205 947 necquicquam

159 962 232 1051 jam
262 964 390 1028 habere
418 961 540 1048 reliqui
569 960 666 1027 vides
693 962 784 1047 quod
813 961 844 1026 ei
871 962 1051 1026 detrahere
1079 960 1202 1046 possis.

154 1062 232 1128 Nisi
261 1064 327 1129 hoc
354 1063 536 1150 indignum
564 1072 677 1147 putas,
706 1061 798 1146 quod
827 1061 986 1127 vestitum
1018 1063 1140 1127 sedere
1169 1061 1206 1126 in

159 1163 291 1250 judicio
312 1161 421 1237 vides,
447 1183 550 1248 quem
571 1173 607 1226 tu
631 1182 651 1226 e
674 1161 877 1246 patrimonio
894 1173 1069 1248 tamquam
1086 1183 1104 1227 e
1121 1184 1206 1227 nau·

154 1263 267 1350 fragio
283 1261 414 1327 nudum
431 1261 590 1345 expulisti
604 1283 613 1335 ;
636 1260 735 1346 quasi
751 1282 832 1325 vero
849 1262 985 1328 nescias
1002 1263 1095 1328 hunc
1110 1273 1143 1328 et
1159 1261 1205 1326 ali

155 1373 189 1428 et
211 1361 325 1427 vestiri
350 1382 370 1425 a
395 1360 561 1435 Caecilia,
586 1358 765 1446 [Baliarici
789 1360 872 1436 filia,
892 1361 1036 1446 Nepotis
1053 1361 1201 1449 sorore,]

156 1461 403 1547 spectatissima
427 1460 567 1535 femina,
591 1480 679 1544 quae
704 1480 782 1524 cum
806 1460 1034 1525 clarissimum
1058 1473 1204 1547 patrem,

156 1560 386 1646 amplissimos
418 1571 568 1644 patrone,
595 1558 847 1623 ornatissimum
880 1560 1019 1625 fratrem
1050 1563 1206 1637 haberet,

156 1673 285 1735 tamen,
311 1681 390 1723 cum
418 1669 507 1723 esset
535 1658 669 1733 mulier,
692 1658 814 1723 virtute
842 1659 983 1743 perfecit
1005 1672 1054 1736 ut,
1080 1673 1206 1748 quanto

157 1762 286 1826 honore
303 1760 377 1844 ipsa
395 1780 439 1823 ex
457 1758 596 1823 illorum
620 1757 787 1845 dignitate
811 1759 1026 1835 adficeretur,
1052 1782 1121 1824 non
1145 1762 1208 1824 mi·

157 1881 241 1925 nora
258 1858 326 1923 illis
341 1869 547 1923 ornamenta
558 1878 603 1921 ex
619 1877 681 1921 sua
698 1857 799 1921 laude
815 1858 983 1923 redderet.

203 1978 250 2023 m.
276 1975 316 2023 al.
339 1955 398 2022 An
414 1956 505 2042 qnod
522 1957 705 2043 diligenter
728 1956 932 2033 defenditur,
950 1957 986 2023 id
1009 1959 1069 2023 tibi
1095 1959 1209 2047 indig-

157 2080 239 2124 num
257 2056 390 2121 facinus
405 2054 560 2121 videtur?
607 2054 697 2119 Mihi
714 2057 828 2127 crede,
848 2056 875 2120 si
892 2078 954 2141 pro
978 2058 1082 2142 patris
1106 2059 1208 2147 hujus

158 2156 313 2242 hospitiis
330 2167 363 2221 et
378 2156 489 2242 gratia
505 2154 633 2219 vellent
648 2176 768 2220 omnes
785 2155 887 2243 hujus
903 2157 1054 2242 hospites
1071 2159 1206 2234 adesse,

158 2268 191 2327 et
219 2256 384 2321 auderent
410 2255 516 2319 libere
544 2254 743 2329 defendere,
768 2257 850 2319 satis
878 2256 1015 2340 copiose
1047 2258 1209 2323 defende·

158 2368 271 2430 retur3
300 2355 353 2420 sin
378 2366 491 2419 autem
513 2375 574 2439 pro
591 2354 828 2441 magnitudine
844 2355 1003 2442 injuriae,
1021 2379 1151 2444 proque
1168 2379 1209 2423 eo

159 2456 251 2542 quod
275 2476 409 2520 summa
433 2475 487 2519 res
512 2454 708 2537 publicain
725 2455 826 2541 hujus
843 2455 995 2540 periculo
1011 2468 1207 2542 temptatur,

160 2557 247 2621 haec
273 2575 391 2620 omnes
419 2554 646 2629 vindicarent,
674 2554 860 2619 consistere
888 2557 1084 2622 mehercule
1112 2558 1210 2623 vobis

159 2656 223 2721 isto
239 2655 275 2719 in
290 2655 367 2719 loco
383 2676 452 2720 non
469 2655 597 2718 liceret.
638 2653 744 2718 Nunc
760 2654 805 2718 ita
822 2655 1028 2733 defenditur,
1044 2680 1110 2722 non
1125 2679 1210 2723 sane

158 2767 196 2821 ut
220 2755 361 2821 moleste
386 2754 474 2819 ferre
496 2754 683 2819 adversarii
707 2755 867 2830 debeant,
893 2777 1004 2842 neque
1028 2768 1064 2821 ut
1089 2780 1126 2822 se
1150 2780 1211 2843 po·

158 2855 264 2922 tentia
280 2854 434 2939 superari
450 2865 579 2939 putent.
628 2871 673 2917 ⁵2.
699 2854 800 2938 Qae
823 2856 915 2919 domi
940 2858 1092 2941 gerenda
1116 2869 1208 2933 sunt,

159 2977 200 3022 ea
218 2977 279 3041 per
292 2953 481 3020 Caeciliam
498 2954 753 3041 transiguntur;
775 2954 838 3019 fori
851 2955 1026 3042 judicique
1043 2956 1209 3021 rationem

159 3055 213 3121 M.
232 3055 397 3129 Messala,
415 3065 452 3119 ut
467 3052 601 3127 videtis,
616 3052 764 3141 judices,
782 3054 941 3138 suscepit.
990 3052 1073 3132 Qui,
1092 3056 1122 3121 si
1137 3057 1210 3145 jam

160 3156 240 3222 satis
261 3153 379 3219 aetatis
398 3163 500 3238 atque
521 3152 652 3217 roboris
672 3152 826 3227 haberet,
847 3153 921 3237 ipse
940 3175 1003 3238 pro
1026 3154 1110 3220 Sex.
1137 3156 1212 3222 Ro-

87 3245 104 3256 ”
160 3255 231 3322 scio
255 3254 402 3319 diceret:
429 3251 591 3338 quoniam
616 3252 661 3316 ad
686 3251 870 3317 dicendum
893 3253 1139 3338 impedimento
1160 3267 1212 3321 est

161 3366 256 3420 aetas
274 3363 306 3417 et
321 3352 431 3437 pudor
447 3350 505 3437 qui
521 3361 620 3415 ornat
636 3361 796 3426 aetatem,
811 3372 951 3416 causam
963 3353 1046 3417 mihi
1059 3356 1207 3432 tradidit,

160 3475 262 3540 quem
287 3472 349 3521 sua
374 3472 479 3515 causa
503 3471 630 3535 cupere
654 3472 695 3515 ac
719 3451 845 3515 debere
869 3452 1110 3540 intellegebat3
1136 3455 1212 3540 ipse

162 3552 377 3626 adsiduitate,
396 3550 553 3626 consilio,
571 3550 782 3624 auctoritate,
800 3551 978 3638 diligentia
1002 3554 1155 3637 perfecit,
1175 3566 1211 3619 ut

161 3652 246 3720 Sex.
265 3651 372 3717 Rosci
388 3651 470 3726 vita,
489 3661 605 3735 erepta
622 3652 665 3715 de
689 3651 847 3716 manibus
871 3662 1053 3728 sectorum,
1075 3663 1211 3716 senten-

161 3753 215 3820 tiis
228 3752 383 3842 judicum
400 3740 660 3837 permitteretur.
702 3749 890 3827 Nimirum,
903 3751 1049 3839 judiceS,
1069 3774 1129 3837 pro
1144 3752 1210 3816 hac

162 3853 334 3920 nobilitate
360 3873 440 3938 pars
466 3850 620 3916 maxima
644 3849 788 3917 civitatis
812 3851 849 3915 in
876 3851 983 3918 armis
1013 3853 1094 3926 fnit3
1123 3852 1211 3917 haec

163 3966 240 4021 acta
262 3975 316 4019 res
340 3960 406 4030 c‘st,
420 3963 458 4018 ut
481 3952 513 4018 ei
528 3950 661 4017 nobiles
685 3950 941 4017 restituerentur
961 3951 998 4017 in
1024 3953 1208 4030 civitatem,
