2760 4448
161 230 199 270 11·
218 216 282 287 35]
456 215 533 282 Tre
555 216 709 304 Danger
730 219 779 304 os
791 216 921 304 Delay.
1170 231 1213 303 35

156 418 285 484 tionem
322 417 444 506 judici,
479 418 523 484 ad
558 430 712 485 nostrum
751 417 929 499 arbitrium
967 417 1215 506 libidinemque

156 519 354 584 eludemus.
1146 577 1149 581 .

199 636 243 683 ³1.
268 619 395 685 Nonae
419 632 498 686 sunt
517 622 619 688 hodie
636 620 806 687 Sextiles:
831 621 916 687 hora
931 640 1011 686 vm.
1030 621 1214 687 convenire

156 723 333 810 coepistis.
399 723 505 788 Hunc
540 725 632 789 diem
665 724 740 812 jam
770 745 816 789 ne
847 736 1029 788 numerant
1058 722 1211 809 quidem.

155 824 292 889 Decem
316 824 391 890 dies
415 837 493 890 sunt
516 837 595 890 aute
619 826 719 890 ludos
742 824 886 900 votivos,
912 846 998 910 quos
1021 823 1089 890 Cn.
1112 823 1214 890 Pom·

155 926 256 1010 peius
275 925 428 992 facturus
448 937 510 991 est.
560 925 609 990 Hi
630 926 702 991 ludi
722 926 796 991 dies
815 927 1012 1012 quindecim
1036 926 1212 1017 auferent:

154 1027 283 1093 deinde
301 1028 462 1093 continuo
478 1026 634 1096 Romani
647 1039 909 1114 consequentur.
957 1028 1009 1093 Ita
1025 1048 1132 1114 prope
1147 1048 1210 1093 xa.

154 1128 280 1193 diebus
299 1128 519 1214 interpositis,
537 1140 609 1193 tum
629 1129 778 1215 denique
797 1150 835 1194 se
858 1129 903 1194 ad
927 1149 969 1195 ea
992 1151 1082 1217 quae
1107 1150 1128 1194 a
1151 1151 1214 1195 uo·

153 1226 208 1294 bis
232 1229 327 1294 dicta
351 1241 451 1293 eruut
472 1250 699 1314 responsuros
723 1250 799 1294 esse
824 1229 1049 1296 arbitrantur:
1087 1229 1213 1296 deinde

153 1351 192 1394 se
209 1330 389 1405 ducturos,
407 1340 440 1394 et
456 1329 603 1395 dicendo
625 1340 661 1394 et
680 1331 896 1406 excusando,
918 1330 1020 1396 facile
1043 1331 1089 1397 ad
1111 1331 1212 1396 ludos

151 1429 345 1495 Victoriae.
396 1427 486 1496 Cum
504 1430 557 1494 his
573 1430 726 1516 plebeios
745 1451 821 1495 esse
844 1431 1066 1519 conjunct0s3
1090 1452 1213 1497 secun-

128 1574 134 1584 -
153 1531 240 1595 dum
256 1552 344 1617 quos
361 1541 420 1594 aut
436 1530 520 1594 nulli
537 1542 596 1594 aut
611 1531 774 1615 perpauci
794 1531 868 1596 dies
893 1531 938 1597 ad
961 1532 1136 1619 agendum
1160 1531 1212 1595 fu·

151 1631 221 1695 turi
239 1640 330 1696 sunt.
381 1629 433 1694 Ita
449 1630 585 1695 defessa
603 1651 644 1695 ac
665 1630 867 1718 refrigerata
887 1631 1120 1707 accusatione,
1139 1651 1212 1695 rem

152 1730 329 1817 integram
349 1730 393 1794 ad
413 1729 465 1793 M.
485 1730 668 1795 Metellum
693 1742 885 1815 praetorem
910 1751 986 1796 esse
1009 1742 1211 1795 venturamt

152 1850 259 1916 quem
282 1851 349 1917 ego
369 1829 558 1906 hominem,
576 1830 605 1895 si
622 1830 696 1917 ejus
720 1830 800 1896 fidei
824 1830 956 1895 diffisus
980 1850 1105 1906 essem,
1119 1830 1212 1918 judi·

153 1951 232 1994 cem
264 1952 334 1995 non
366 1929 594 1994 retinuissem.
642 1945 690 1993 aa.
714 1929 819 1995 Nunc
849 1941 966 1995 tamen
998 1931 1064 1995 hoc
1095 1930 1211 1997 animo

153 2052 246 2104 sum,
271 2040 309 2094 ut
337 2050 378 2094 eo
401 2030 520 2117 judice
545 2050 650 2115 quam
675 2041 831 2115 praetore
855 2030 946 2094 hanc
969 2051 1042 2095 rem
1065 2030 1210 2118 transigi

153 2131 296 2203 malim3
322 2140 355 2194 et
373 2129 487 2217 jurato
504 2151 603 2193 suam
619 2150 724 2215 quam
740 2130 887 2217 injurato
904 2129 1049 2194 aliorum
1065 2130 1210 2196 tabellas

153 2231 381 2295 committere.

198 2349 251 2392 xa
279 2328 385 2393 Nunc
409 2350 489 2416 eg0‚
503 2329 651 2415 judiceS,
667 2329 742 2417 jam'
763 2350 825 2394 vos
848 2329 1003 2404 consulo,
1021 2328 1105 2415 quid
1125 2329 1210 2394 mihi

152 2429 353 2494 faciendum
386 2429 521 2513 putetis.
586 2429 638 2503 Id
659 2430 751 2493 enim
783 2428 905 2494 consili
940 2428 1025 2493 mihi
1057 2429 1209 2512 profecto

153 2529 247 2593 taciti
265 2528 403 2601 dabitis,
421 2529 513 2614 quod
530 2540 668 2615 egomet
684 2528 768 2592 mihi
785 2528 980 2593 necessario
1000 2527 1209 2612 capiendum

152 2629 331 2714 intellego.
371 2626 409 2692 Si
425 2639 501 2693 utar
517 2629 564 2693 ad
579 2627 763 2692 dicendum
781 2649 857 2694 meo
874 2627 1028 2715 legitimo
1040 2639 1206 2712 tempore,

152 2729 223 2793 mei
237 2727 377 2803 laboris,
392 2727 592 2803 industriae,
607 2727 874 2813 diligentiaeque
888 2727 1024 2813 capiam
1039 2726 1184 2792 fructum
1197 2751 1206 2802 ;

59 2854 63 2861 ’
152 2841 187 2894 et
215 2828 279 2916 [ex
305 2828 539 2914 accusatione]
568 2828 745 2913 perficiam
768 2838 805 2891 ut
825 2849 927 2891 nemo
947 2847 1110 2913 umquam
1131 2841 1208 2912 post

152 2929 334 2995 hominum
355 2928 555 2992 memoriam
581 2927 742 3012 paratior,
760 2926 970 3015 vigilantior,
989 2927 1208 3012 compositior

152 3030 199 3094 ad
211 3029 380 3117 judicium
393 3028 528 3093 venisse
541 3027 708 3092 videatur.
748 3027 832 3103 Sed,
847 3027 883 3092 in
896 3029 962 3092 hac
975 3016 1077 3091 laude
1090 3027 1207 3093 indus·

151 3121 239 3194 triae
256 3148 368 3202 meae,
386 3149 465 3192 reus
481 3148 525 3192 ue
549 3128 704 3191 elabatur
727 3149 900 3192 summum
925 3126 1115 3212 periculum
1140 3139 1203 3193 est.

151 3228 251 3312 Qid
268 3239 319 3292 est
334 3227 437 3314 igitur
453 3226 545 3312 quod
561 3227 635 3291 fieri
651 3227 757 3312 possit
774 3226 789 3291 i
823 3226 905 3292 Non
921 3227 1118 3303 obscurum,
1132 3228 1206 3313 opi·

150 3351 227 3404 nor,
242 3348 354 3413 neque
368 3326 617 3391 absconditum.
650 3343 696 3390 aa.
718 3326 881 3410 Fructum
894 3326 995 3392 istum
1008 3327 1133 3403 laudis,
1146 3328 1205 3415 qui

150 3450 196 3494 ex
227 3439 394 3514 perpetua
422 3426 574 3492 oratione
598 3426 728 3512 percipi
753 3426 871 3512 potuit,
898 3426 933 3491 in
957 3427 1026 3491 alia
1049 3438 1204 3513 tempora

150 3548 389 3593 reservemus:
421 3548 514 3591 nunc
538 3527 713 3592 hominem
735 3526 872 3601 tabulis,
890 3528 1043 3604 testibus,
1062 3529 1203 3614 privatis

151 3628 367 3716 publicisque
384 3627 501 3692 litteris
518 3627 841 3714 auctoritatibusque
858 3649 1080 3719 accusemus.
1129 3628 1203 3694 Res

149 3730 264 3795 omnis
288 3727 373 3791 mihi
397 3737 510 3791 tecum
535 3724 608 3801 erit,
632 3727 806 3792 Hortensi.
857 3727 980 3792 Dicam
1007 3739 1144 3814 aperte:
1174 3727 1203 3794 si

150 3841 182 3895 te
215 3849 353 3893 mecum
386 3827 531 3893 dicendo
564 3848 605 3891 ac
636 3828 806 3893 diluendis
838 3828 1037 3894 criminibus
1068 3829 1104 3893 in
1136 3829 1203 3892 bac

151 3950 258 4001 causa
284 3929 491 3993 contendere
516 3938 684 4013 putarem,
704 3949 770 4016 ego
794 3950 929 4015 quoque
948 3928 985 3993 iu
1005 3928 1201 3995 accusando
