2760 4448
155 239 197 305 18
475 241 631 330 Dq'fence
655 246 702 332 of
715 245 873 313 Roscius,
1012 245 1118 316 [Rosa
1139 248 1203 303 An.

152 443 341 511 detractum
366 442 542 518 arbitrari3
574 444 714 510 videant
734 468 778 511 ne
794 459 892 532 turpe
910 438 1145 535 miserumque
1161 451 1204 515 sit

152 563 223 618 εοε,
249 542 307 629 qui
332 555 524 628 equestrem
552 545 770 628 splendorem
802 548 871 631 pati
903 568 972 612 non
1005 561 1201 633 potuerunt,

152 642 241 706 servi
273 643 472 727 nequissimi
504 644 771 709 dominationem
803 646 890 710 serre
923 669 1036 731 posse.
1098 649 1203 733 Qae

152 741 291 827 quidem
308 742 507 816 dominatio,
521 744 668 830 judices,
688 744 722 808 in
741 745 816 808 aliis
837 747 939 811 rebus
962 759 1062 812 antea
1086 732 1203 814 versass

152 841 271 915 batur3
297 861 389 906 nunc
406 862 486 907 vero
502 863 606 927 quam
619 843 711 907 viam
730 844 884 920 munitet,
900 849 992 933 quod
1008 849 1071 913 iter
1087 850 1205 914 adfec-

152 950 199 1005 tet
228 940 475 1015 videtiS,-ad
507 942 623 1018 fidem,
652 944 697 1007 ad
721 943 975 1032 jusjurandum,
1004 949 1048 1013 ad
1071 948 1204 1036 judicia

152 1049 278 1115 vestra,
297 1040 341 1104 ad
361 1039 409 1116 id,
431 1042 522 1126 quod
545 1043 656 1107 solum
681 1064 788 1128 prope
812 1045 847 1109 in
871 1045 1007 1112 civitate
1031 1048 1204 1113 sincerum

152 1149 378 1225 sanctumque
409 1152 523 1205 restat.
575 1141 701 1207 Hicine
726 1144 829 1209 etiam
854 1167 930 1211 sese
954 1157 1050 1232 putat
1074 1147 1203 1233 aliquid
1226 1205 1231 1214 .

153 1259 254 1324 posse
271 1237 544 1326 Chrysogonus?
593 1240 662 1307 Hic
678 1242 780 1308 etiam
798 1257 918 1329 potens
937 1267 1013 1311 esse
1032 1245 1125 1312 volt?
1172 1244 1206 1310 Ο

154 1360 227 1402 rem
259 1338 420 1403 miseram
452 1350 554 1426 atque
582 1342 764 1407 acerbaml
812 1343 949 1431 Neque,
975 1346 1202 1420 mehercules,

154 1438 221 1503 hoc
237 1437 379 1524 indigne
396 1437 481 1515 fero,
499 1442 591 1525 quod
608 1463 729 1507 verear
752 1464 796 1508 ne
819 1443 901 1529 quid
926 1445 1051 1528 possit3
1084 1467 1204 1509 verum

154 1538 246 1623 quod
264 1559 367 1602 ausus
384 1552 447 1614 est,
466 1542 557 1628 qnod
574 1542 723 1626 speravit
739 1563 814 1607 sese
832 1545 924 1629 apud
940 1545 1017 1609 talis
1033 1544 1124 1609 viros
1141 1544 1205 1609 ali·

146 1638 237 1733 ,quid
254 1659 354 1723 posse
372 1640 415 1705 ad
434 1641 619 1724 perniciem
637 1640 840 1717 innocentis,
859 1642 893 1708 id
911 1643 1023 1728 ipsum
1040 1666 1175 1729 queror.

200 1758 302 1803 xux.
328 1756 375 1804 46.
400 1740 576 1806 Idcircone
593 1753 790 1827 exspectata
806 1743 964 1807 nobilitas
982 1744 1087 1808 armis
1104 1754 1204 1831 atque
1240 1740 1242 1745 ’

152 1838 245 1933 ferro
262 1861 333 1904 rem
352 1842 524 1926 publicam
543 1842 757 1927 reciperavit,
774 1853 812 1906 ut
836 1843 879 1907 ad
904 1842 1080 1908 libidinem
1105 1865 1204 1908 suam

155 1939 265 2004 liberti
283 1941 474 2026 servolique
491 1941 656 2005 nobilium
673 1942 777 2016 bona,
796 1941 949 2007 fortunas
964 1943 1206 2028 possessiones-

155 2061 222 2127 que
246 2052 379 2105 nostras
403 2061 531 2104 vexare
555 2039 715 2125 possent?
762 2040 800 2106 Si
820 2041 855 2107 id
877 2054 991 2106 actum
1014 2054 1077 2119 est,
1096 2041 1205 2108 fateor
1246 2032 1251 2039 ⁸

156 2162 211 2206 me
227 2161 360 2206 errasse
372 2140 430 2226 qui
448 2141 514 2205 hoc
526 2140 706 2204 maluerim
719 2162 727 2215 3
753 2140 861 2205 fateor
873 2140 1041 2206 insanisse
1054 2141 1111 2228 qui
1126 2163 1205 2208 cum

155 2241 222 2307 illis
247 2240 425 2307 senserim.
473 2239 628 2304 Tametsi
652 2239 806 2314 inermis,
821 2240 969 2329 judices,
988 2241 1092 2306 sensi.
1142 2241 1205 2306 Sin

155 2353 269 2407 autem
294 2340 436 2406 victoria
457 2339 621 2404 nobilium
639 2350 839 2405 ornamento
857 2350 958 2426 atque
974 2341 1205 2407 emolumento

155 2442 204 2505 rei
221 2443 379 2527 publicae
396 2440 591 2527 populoque
608 2439 769 2504 Romano
793 2440 895 2505 debet
918 2461 1006 2514 esse,
1028 2451 1099 2504 tum
1123 2462 1205 2506 vero

154 2542 283 2626 optimo
299 2554 332 2607 et
348 2539 559 2607 nobilissimo
576 2538 701 2625 cuique
717 2559 828 2602 meam
846 2539 1034 2604 orationem
1053 2540 1206 2626 gratissi·

155 2636 246 2705 mam
261 2663 335 2707 esse
349 2652 491 2727 oportet.
527 2639 632 2723 Quod
649 2639 676 2704 si
694 2639 770 2725 quis
786 2649 837 2704 est
852 2638 909 2725 qui
924 2650 955 2703 et
968 2661 1004 2704 se
1018 2651 1050 2703 et
1063 2660 1204 2704 causam

154 2742 244 2805 laedi
270 2752 363 2826 putet
387 2763 465 2806 cum
490 2739 742 2827 Chrysogonus
764 2739 985 2823 vituperetur,
1009 2739 1039 2803 is
1063 2760 1203 2804 causam

155 2840 310 2926 ignorat3
343 2863 379 2907 se
403 2842 517 2927 ipsum
534 2841 640 2926 probe
657 2839 762 2904 novit.
813 2838 928 2904 Causa
945 2838 1036 2903 enim
1054 2840 1205 2922 splendi-

154 2941 229 3006 dior
245 2942 313 3016 fiet,
333 2942 360 3006 si
381 2941 590 3028 nequissimo
613 2941 737 3026 cuique
757 2938 942 3003 resistetur.
991 2938 1053 3003 Ille
1078 2938 1205 3023 impro-

153 3040 314 3107 bissimus
331 3040 553 3128 Chrysogoni
571 3040 695 3113 fautor,
710 3038 768 3125 qui
786 3038 849 3102 sibi
866 3059 944 3102 cum
962 3037 1020 3103 illo
1038 3037 1203 3102 rationem

154 3142 441 3206 communicatam
459 3150 565 3224 putat,
585 3139 743 3213 laeditur,
762 3158 842 3202 cum
862 3137 905 3201 ab
930 3137 997 3202 hoc
1020 3137 1204 3223 splendore

153 3261 279 3307 causae
296 3251 485 3325 separatur.

198 3356 243 3403 47.
265 3339 398 3404 Verum
419 3340 506 3403 haec
523 3336 634 3402 omnis
650 3335 770 3411 oratio,
788 3346 825 3401 ut
837 3336 910 3424 jam
929 3346 1005 3417 ante
1023 3336 1107 3411 dixi,
1126 3358 1204 3402 mea

155 3452 217 3515 est,
236 3461 304 3526 qua
328 3460 383 3502 me
407 3438 454 3501 uti
478 3459 533 3502 res
558 3437 696 3522 publica
721 3447 754 3500 et
778 3437 874 3501 dolor
894 3458 991 3500 meus
1011 3447 1044 3500 et
1064 3436 1204 3500 istorum

154 3540 277 3627 injuria
305 3537 430 3623 codgit.
480 3536 564 3602 Sex.
591 3536 741 3601 Roscius
766 3537 887 3600 horum
913 3536 998 3599 nihil
1022 3534 1204 3621 indignum

156 3649 262 3725 putat,
278 3637 450 3701 neminem
467 3647 618 3708 accusat,
632 3636 716 3699 nihil
734 3637 776 3700 de
793 3657 856 3700 suo
872 3633 1076 3720 patrimonio
1092 3632 1205 3718 queri·

154 3750 221 3802 tur.
250 3737 351 3802 Putat
364 3738 466 3802 homo
479 3737 656 3821 imperitus
670 3757 817 3809 morum,
831 3735 983 3821 agricola
998 3744 1031 3797 et
1043 3732 1202 3807 rusticus,

155 3839 219 3903 ista
232 3837 360 3911 omnia,
372 3857 459 3924 quae
470 3857 531 3901 vos
543 3857 603 3921 per
613 3835 747 3900 Sullam
760 3845 857 3922 gesta
868 3855 943 3898 esse
957 3832 1081 3907 dicitis,
1094 3852 1201 3906 more,

157 3938 248 4025 lege,
269 3936 524 4026 jure-gentium
549 3935 653 4000 sacta.
703 3933 817 4020 Culpa
833 3933 996 4000 liberatus
1013 3945 1047 4000 et
1062 3932 1205 3999 crimine
