2722 4438
10 281 26 317 ἰ
128 278 237 320 XXXIV·
259 266 317 339 94]
353 266 413 333 He
436 267 510 332 bids
532 266 714 333 Farewell
733 276 767 332 to
791 266 847 335 ihc
875 265 966 353 city.
1121 281 1185 351 205

129 468 317 555 aspexistis
333 466 489 541 Milonis,
504 466 533 532 si
545 467 674 533 voltum
687 488 823 554 semper
835 466 997 540 eundem,
1011 465 1040 533 si
1050 487 1184 544 vocem,

23 613 27 625 ·
129 570 160 636 si
193 570 382 635 orationem
414 567 571 635 stabilem
600 588 642 632 ac
672 588 742 633 nou
771 577 935 633 mutatam
962 566 1096 644 videtis,
1121 568 1187 632 hoc

5 699 26 741 3:
129 669 247 734 minus
266 668 298 734 ei
317 688 481 753 parcere:
506 666 600 731 haud
619 666 691 733 scio
711 687 755 731 an
775 666 881 731 multo
900 666 942 731 sit
963 666 1066 731 etiarn
1090 666 1187 754 adju·

21 798 26 838 z
128 769 268 834 vandus
296 766 422 855 magis.
483 765 619 831 Etenim
644 766 673 831 si
700 768 736 831 in
767 764 980 853 gladiatoriis
1004 765 1130 852 pugnis
1155 775 1188 830 et

130 869 243 933 infimi
260 867 397 956 generis
414 865 592 932 hominum
610 865 811 931 condicione
828 875 929 950 atque
946 864 1080 929 fortuna
1099 863 1187 927 timi-

132 971 198 1034 dos
229 979 330 1054 atque
361 965 534 1052 supplices
566 975 599 1031 et
628 975 665 1029 ut
696 965 811 1029 vivere
842 964 944 1029 liceat
977 954 1186 1029 obsecrantis

132 1068 238 1133 etiam
250 1068 364 1133 odisse
380 1068 543 1141 solemus
556 1064 650 1130 fortis
664 1075 765 1151 atque
784 1062 956 1129 animosos
970 1073 1051 1128 etse
1065 1063 1187 1129 acriter

132 1168 228 1253 ipsos
245 1167 342 1232 morti
366 1165 540 1232 offerentis
557 1185 694 1230 servare
720 1161 891 1248 cupimus,
910 1184 1096 1248 eorumque
1124 1185 1187 1229 nos

134 1266 249 1355 magis
262 1266 398 1332 miseret
410 1267 467 1353 qui
480 1278 632 1331 nostram
647 1262 915 1330 misericordiam
931 1284 998 1328 non
1012 1262 1188 1351 requirunt

132 1388 239 1452 quam
256 1365 313 1452 qui
330 1367 424 1430 illam
441 1365 642 1453 efflagitant,
655 1374 837 1450 -quanto
855 1363 921 1428 hoc
937 1363 1050 1450 magis
1069 1364 1104 1429 in
1121 1364 1188 1429 for-

131 1466 273 1531 tissimis
288 1465 430 1531 *civibus
454 1466 568 1530 facere
594 1463 783 1530 debemus?
817 1481 864 1529 ss.
882 1464 942 1529 Me
966 1464 1120 1551 quidem,
1134 1464 1188 1553 ju·

132 1566 244 1641 dices,
259 1566 458 1631 exanimant
474 1578 506 1631 et
521 1564 719 1630 interimunt
734 1566 799 1631 hae
816 1587 919 1631 voces
931 1563 1087 1639 Milonis,
1102 1585 1188 1651 quas

133 1666 239 1731 audio
261 1665 403 1731 adsidue
425 1676 458 1731 et
476 1666 600 1754 quibus
616 1665 781 1731 intersum
799 1665 933 1732 cotidie.
985 1664 1181 1741 ‘Valeant,’

132 1766 257 1852 inquit,
278 1766 437 1831 ‘valeant
453 1767 547 1830 cives
564 1765 653 1830 mei:
679 1765 746 1831 sint
762 1766 965 1841 incolumes,
983 1766 1050 1831 sint
1064 1764 1189 1830 floren·

88 1899 94 1908 ·
132 1876 198 1941 tes,
214 1864 281 1931 sint
296 1865 406 1931 beati:
432 1878 495 1932 stet
511 1867 600 1931 haec
616 1867 697 1931 urbs
714 1867 893 1952 praeclara
909 1865 1062 1952 mihique
1079 1864 1189 1952 patria

132 1964 326 2041 carissima,
339 1987 476 2052 quoquo
493 1966 595 2031 modo
612 1966 675 2031 erit
693 1966 811 2031 merita
828 1967 871 2032 de
890 1988 957 2033 me.
984 1965 1190 2052 Tranquilla

133 2087 172 2131 re
189 2066 327 2150 publica
343 2066 410 2130 mei
426 2066 532 2140 cives,
550 2066 714 2152 quoniam
731 2066 814 2130 mihi
831 2088 911 2132 cum
927 2066 995 2132 illis
1011 2087 1080 2131 non
1096 2066 1188 2142 licet,

2 2224 12 2253 Α.
132 2165 210 2232 sine
228 2187 282 2233 me
298 2166 376 2251 ipsi,
395 2166 456 2231 sed
473 2179 611 2251 propter
628 2188 682 2233 me
700 2179 815 2233 tamen
833 2167 1061 2253 perfruantur.
1111 2165 1189 2254 Ego

8 2316 9 2319 η
112 2266 258 2337 ,cedam
279 2279 378 2353 atque
399 2267 521 2332 abibo:
546 2266 574 2331 si
597 2266 680 2331 mihi
707 2268 797 2333 bona
820 2289 857 2333 re
877 2269 1015 2354 publica
1036 2267 1101 2333 frui
1121 2289 1190 2332 non

133 2367 280 2441 licuerit,
314 2379 348 2433 at
380 2366 504 2434 carebo
536 2367 641 2443 mala,
668 2378 702 2433 et
729 2389 833 2455 quarn
865 2369 1013 2454 primum
1045 2367 1190 2456 tetigero

132 2466 223 2530 bene
241 2479 406 2531 moratam
421 2478 454 2531 et
469 2467 612 2532 liberam
624 2467 809 2544 civitatem,
824 2468 860 2534 in
877 2490 918 2533 ea
932 2468 1186 2556 conquiescam.

131 2582 182 2631 94.
206 2566 238 2631 O
255 2564 402 2641 frustra,'
417 2567 538 2653 inquit,
559 2568 665 2632 ‘mihi
682 2568 832 2654 suscepti
851 2568 1007 2634 labores!
1055 2569 1087 2634 O
1111 2590 1190 2654 spes

133 2667 278 2732 fallaces
295 2678 328 2730 et
344 2665 568 2753 cogitationes
585 2666 705 2733 in'anes
723 2667 843 2733 meael
892 2668 970 2757 Ego
987 2690 1065 2734 cum
1086 2670 1191 2734 tribu·

132 2788 201 2832 nus
227 2766 335 2851 plebis
360 2767 554 2851 republica
578 2789 742 2853 oppressa
769 2790 823 2833 me
838 2769 983 2834 senatui
1002 2769 1187 2845 dedissem,

133 2889 239 2954 quem
255 2866 459 2931 exstinctum
476 2888 694 2952 acceperam,
713 2869 883 2955 equitibus
905 2870 1087 2946 RomaniS,
1106 2891 1189 2957 quo·

134 2989 212 3033 rurn
236 2966 325 3033 vires
347 2978 444 3031 erant
465 2967 609 3043 debiles,
623 2969 723 3038 bonis
751 2970 845 3045 viris,
863 2971 923 3056 qui
946 2992 1083 3036 omnem
1109 2991 1189 3037 auc·

134 3067 304 3133 toritatem
328 3065 506 3132 Clodianis
531 3068 635 3133 armis
668 3069 877 3157 abjecerant,
909 3071 993 3136 mihi
1024 3092 1189 3158 umquam

133 3168 303 3233 bonorum
331 3165 541 3251 praesidium
573 3168 767 3236 defuturum
796 3171 975 3258 putarem?
1017 3194 1084 3261 ego
1110 3193 1189 3237 curn

133 3267 234 3332 te’-
251 3287 386 3331 mecum
426 3268 517 3331 enim
558 3271 758 3356 saepissime
797 3273 1011 3359 loquitur-
1036 3273 1189 3358 ‘patriae

136 3366 375 3441 reddidissem,
410 3367 493 3431 mihi
528 3383 684 3455 putarem
716 3371 750 3436 in
791 3374 900 3457 patria
932 3395 1007 3439 mon
1039 3374 1189 3439 futurum

135 3465 272 3531 locum?
319 3466 389 3533 Ubi
417 3491 509 3534 nunc
537 3484 677 3537 senatus
704 3485 769 3548 est,
789 3494 892 3559 quem
917 3474 1024 3539 secuti
1050 3470 1190 3539 sumus?

135 3566 193 3631 ubi
218 3565 348 3652 equites
363 3568 514 3634 Romani
533 3570 582 3635 illi
603 3571 687 3659 [illi]
697 3572 717 3646 ,’
733 3571 853 3658 inquit,
874 3573 966 3638 ‘tui?
996 3574 1054 3639 ubi
1079 3574 1191 3640 studia

136 3665 424 3751 municipiorum?
455 3669 514 3734 ubi
546 3670 667 3738 Italiae
698 3670 823 3736 voces?
863 3673 922 3737 ubi
954 3673 1101 3761 denique
1133 3687 1190 3739 tua

134 3765 207 3841 illa,
226 3764 280 3830 M.
311 3766 420 3843 Tulli,
450 3789 539 3854 quae
565 3769 721 3854 plurimis
748 3771 809 3835 fuit
836 3772 977 3848 auxilio,
995 3796 1064 3839 vox
1090 3785 1191 3859 atque

134 3864 314 3931 defensio?
346 3866 475 3932 mihine
492 3888 534 3933 ea
550 3867 628 3943 soli,
646 3868 705 3954 qui
721 3891 783 3955 pro
802 3880 836 3936 te
862 3871 986 3937 totiens
1012 3871 1111 3938 morti
1135 3891 1191 3937 me

133 3965 256 4042 obtuli,
276 3964 360 4030 nihil
378 3976 487 4051 potest
502 3967 702 4053 opitulari?'
