2722 4438
151 218 235 266 aussx·
250 204 307 274 79·]
351 205 443 270 Milo
467 204 578 291 might
600 204 683 268 well
701 202 789 268 have
811 204 901 269 slaz'n
925 204 1009 272 him.
1145 224 1210 293 199

150 412 255 472 ferret
276 404 417 471 civitasi
464 403 570 470 Nunc
597 404 688 469 enim
715 404 791 491 quis
819 416 870 471 est
893 386 955 492 qui
979 427 1048 471 non
1075 406 1206 492 probet,

150 507 294 593 quinon
312 505 441 579 laudet,
460 504 518 590 qui
542 526 610 569 non
636 527 744 569 unum
772 516 848 591 post
873 506 1051 571 hominum
1079 528 1209 571 memo-

150 607 245 670 riam‘
277 605 322 669 T.
357 603 513 668 Annium
546 603 731 689 plurimum
763 607 812 670 rei
839 606 998 691 publicae
1025 606 1207 692 profuisse,

150 706 304 769 maxima
321 704 449 769 laetitia
467 705 632 789 populum
649 704 861 781 Romanurn,
880 719 1038 771 cunctam
1059 706 1207 782 Italiam,

150 806 307 870 nationes
339 805 451 870 omnis
480 804 647 869 adfecisse
679 817 712 870 et
743 805 834 870 dicat
864 817 897 870 et
930 805 1074 871 sentiat?
1126 806 1208 872 Non

150 926 240 992 queo
266 916 382 970 vetera
409 904 469 969 illa
485 905 602 990 populi
620 905 771 971 Romani
788 906 915 992 gaudia
931 918 1058 993 quanta
1084 907 1210 973 suerint

147 1006 326 1095 judicare:
352 1006 476 1070 multas
493 1016 608 1070 tamen
629 1006 701 1093 jam
730 1028 941 1071 summorum
965 1006 1207 1091 imperatorum

151 1106 361 1171 clarissimas
386 1104 546 1171 victorias
563 1117 657 1170 aetas
686 1117 800 1171 nostra
828 1105 923 1181 vidit,
941 1128 1088 1192 quarum
1114 1108 1209 1172 nulla

150 1228 262 1292 neque
301 1218 372 1271 tam
403 1206 598 1271 diuturnam
635 1206 745 1272 attulit
775 1206 937 1271 laetitiam
969 1227 1033 1271 nec
1064 1218 1205 1271 tantam.

149 1323 195 1370 ns.
212 1307 379 1371 Mandate
398 1306 465 1370 hoc
482 1305 679 1381 memoriae,
694 1305 842 1393 judices.
890 1305 1002 1391 Spero
1018 1307 1124 1371 multa
1147 1329 1209 1372 vos

150 1409 343 1492 liberosque
360 1415 490 1470 vestros
506 1405 541 1469 in
559 1406 749 1490 republica
772 1406 863 1470 bona
888 1427 964 1470 esse
987 1406 1141 1472 visuros:
1172 1407 1208 1471 in

150 1509 201 1573 eis
228 1506 374 1593 singulis
401 1505 449 1569 ita
473 1526 609 1589 semper
636 1505 884 1580 existimabitis,
914 1505 1056 1570 vivoP.
1084 1504 1208 1573 Clodio

131 1608 236 1672 nihil
263 1628 381 1671 eorum
407 1627 468 1670 vos
493 1605 625 1669 visuros
650 1598 767 1669 fuisse.
816 1604 857 1668 In
883 1627 978 1694 spem
1005 1606 1205 1683 maximam,

150 1720 183 1786 et
208 1708 329 1795 (quem
354 1706 399 1771 ad
424 1703 564 1769 modurn
591 1703 743 1791 confido)
767 1704 981 1769 verissimam
1005 1727 1123 1770 sumus
1147 1705 1208 1770 ad·

150 1809 256 1883 ducti,
275 1808 368 1871 hunc
384 1806 498 1889 ipsum
516 1826 658 1879 annum,
678 1805 743 1868 hoc
768 1802 843 1888 ipso
868 1825 1003 1869 summo
1028 1804 1100 1869 viro
1126 1825 1208 1869 con·

150 1909 238 1983 sule,
251 1926 449 1991 compressa
466 1904 643 1968 hominurn
661 1902 810 1978 licentia,
823 1903 1063 1988 cupiditatibus
1076 1904 1204 1981 sractiS,

149 2008 285 2095 legibus
309 2018 342 2071 et
369 2005 508 2093 judiciis
537 2003 739 2078 constitutis,
760 2004 944 2068 salutarem
969 2004 1095 2094 civitati
1119 2004 1203 2069 sore.

149 2108 247 2173 Num
273 2106 348 2193 quis
375 2117 425 2170 est
449 2105 554 2192 igitur
576 2114 646 2167 tam
671 2104 825 2179 demens,
851 2103 909 2190 qui
933 2104 999 2168 hoc
1020 2103 1061 2167 Ρ.
1083 2102 1207 2170 Clodio

149 2208 229 2273 vivo
255 2206 454 2292 contingere
481 2203 630 2288 potuisse
656 2201 857 2267 arbitretur?
905 2200 1022 2285 Qud?
1052 2224 1094 2268 ea
1117 2225 1207 2290 quae

149 2307 284 2381 tenetis,
304 2294 435 2390 privata
453 2315 554 2389 atque
573 2315 697 2378 vestra,
713 2302 910 2367 dominante
926 2302 1062 2368 homine
1079 2303 1207 2370 furioso

150 2408 243 2494 quod
263 2406 319 2495 jus
336 2416 521 2490 perpetuae
539 2403 765 2488 possessionis
782 2403 910 2467 habere
926 2403 1136 2489 potuissent?

194 2526 300 2571 xxlx.
326 2505 420 2580 Nori,
448 2504 564 2578 timeo,
594 2496 741 2590 judices,
767 2524 810 2567 ne
844 2503 923 2568 odio
954 2502 1208 2568 inimicitiarum

149 2628 307 2671 mearum
334 2604 565 2668 inflammatus
590 2601 749 2667 libentius
773 2604 859 2666 haec
875 2602 911 2666 in
927 2603 1023 2666 illum
1049 2624 1208 2668 evomere

147 2707 269 2787 videar
292 2726 395 2791 quam
420 2703 546 2768 verius.
597 2702 733 2766 Etenim
758 2702 785 2767 si
810 2703 1033 2788 praecipuum
1058 2724 1132 2768 esse
1150 2704 1204 2767 de-

146 2807 265 2881 bebat,
294 2816 408 2869 tamen
436 2803 482 2867 ita
511 2801 704 2868 communis
726 2813 799 2867 erat
823 2803 976 2868 omnium
1002 2804 1059 2868 ille
1087 2804 1207 2879 hostie,

149 2906 237 2970 utin
255 2903 428 2969 communi
445 2902 524 2967 odio
542 2922 653 2987 paene
671 2902 858 2988 aequaliter
876 2915 1069 2968 versaretur
1092 2904 1208 2969 odium

150 3026 279 3069 meum.
337 3002 418 3067 Non
450 3014 560 3088 potest
592 3002 658 3067 dici
687 3003 781 3079 satis,
812 3024 855 3068 ne
884 3004 1026 3091 cogitari
1054 3003 1206 3090 quidem,

150 3115 316 3191 quantum
334 3103 368 3165 in
385 3102 443 3167 illo
462 3103 614 3177 sceleris,
633 3114 798 3189 quantum
816 3104 897 3168 exiti
917 3104 1027 3169 suerit.
1053 3122 1098 3170 ⁷9.
1113 3105 1208 3192 Quin

150 3205 200 3269 sic
220 3203 394 3276 attendite,
412 3202 557 3291 judices.
618 3203 757 3287 Nempe
784 3201 869 3265 haec
896 3214 947 3267 est
977 3203 1134 3290 quaestio
1166 3205 1209 3270 de

150 3304 285 3368 interitu
302 3302 342 3367 P.
362 3301 477 3367 Clodi.
527 3302 665 3390 Fingite
683 3301 998 3368 animis-liberae
1015 3314 1094 3369 sunt
1116 3304 1209 3369 enim

150 3415 285 3469 nostrae
319 3402 556 3489 cogitationes,
585 3413 618 3467 et
648 3424 737 3489 quae
764 3403 883 3467 volunt
906 3403 955 3468 sic
979 3403 1151 3468 intuentur
1174 3413 1211 3467 ut

150 3526 191 3570 ea
223 3503 395 3569 cernimus
428 3524 517 3590 quae
550 3502 898 3589 videmus-fingite
937 3502 1042 3591 igitur
1080 3503 1209 3591 cogita-

150 3605 241 3670 tione
272 3603 461 3692 imaginem
501 3602 603 3691 hujus
635 3602 845 3667 condicionis
878 3624 988 3679 meae,
1022 3602 1050 3668 si
1081 3605 1209 3689 possim

144 3704 286 3775 ,efficere
312 3702 544 3769 utMilonem
573 3701 770 3777 absolvatis,
789 3702 850 3767 sed
875 3702 933 3778 ita,
953 3703 981 3767 si
1007 3700 1046 3766 P.
1066 3700 1210 3768 Clodius

150 3803 324 3870 revixerit.
376 3801 472 3886 Quid
488 3803 582 3866 voltu
603 3801 828 3867 extimuistis?
852 3823 1002 3889 quonam
1026 3801 1129 3865 modo
1152 3801 1209 3865 ille

146 3926 212 3985 ¹vos
225 3905 324 3970 vivus
338 3903 513 3978 adficeret,
528 3923 614 3990 quos
632 3913 784 3969 mortuus
801 3902 895 3966 inani
913 3901 1116 3989 cogitatione
1133 3921 1210 3986 per-
