2760 4448
199 277 250 342 '28
486 277 745 366 harpeuchment
768 278 816 363 of
837 274 973 341 Verres.
1106 271 1219 340 [VERK
1234 270 1258 321 1.

208 477 311 543 dere?
356 496 392 543 11.
416 477 526 566 Cujus
542 489 579 543 ut
595 477 849 542 adulescentiae
866 465 1020 540 maculas
1032 468 1259 561 ignominias·

208 600 274 664 que
295 589 531 662 praeteream3
559 589 744 663 quaestura
770 575 918 662 [primus
943 575 1072 661 gradus
1097 571 1253 658 honoris]

208 679 291 764 quid
308 678 398 742 aliud
419 677 522 740 habet
538 676 572 740 in
590 698 640 750 se,
656 676 721 740 nisi
739 675 824 762 [Cn.
841 674 1038 739 Carbonem
1051 671 1254 758 spoliatum]

210 790 420 864 aquaestore
434 797 496 840 suo
512 775 660 860 pecunia
677 775 814 858 publica
837 775 1002 839 nudatum
1024 784 1058 836 et
1085 770 1256 855 proditum

210 876 407 942 consulem?
431 877 603 941 desertum
618 872 828 937 exercitum?
853 871 1006 936 relictam
1024 868 1258 955 provinciam?

210 979 308 1042 sortis
325 975 613 1041 necessitudinem
630 972 902 1058 religionemque
918 968 1102 1034 violatam?
1149 968 1258 1056 Cujus

210 1078 336 1164 legatio
349 1075 489 1140 exitium
503 1073 564 1138 fuit
576 1071 684 1137 Asiae
697 1071 798 1136 totius
815 1084 848 1135 et
864 1069 1113 1155 Pamphyliae:
1134 1068 1258 1154 quibus

209 1176 244 1239 in
258 1175 441 1259 provinciis
456 1176 579 1238 multas
596 1174 730 1246 domos,
743 1170 909 1255 plurimas
926 1168 1032 1243 urbis,
1044 1167 1161 1233 omnia
1177 1166 1258 1232 sana

210 1275 435 1360 depopulatus
452 1285 514 1347 est,
532 1286 603 1338 tum
628 1293 706 1337 cum
736 1270 788 1358 [in
813 1270 879 1337 Cn.
901 1267 1137 1355 Dolabellam]
1158 1289 1257 1332 suum

210 1376 322 1440 scelus
346 1375 430 1439 illud
447 1374 625 1460 pristinum
643 1370 821 1437 renovavit
837 1382 870 1435 et
885 1368 1086 1434 instauravit
1101 1379 1260 1454 quaesto·

209 1475 296 1539 rium
311 1498 318 1548 ;
339 1494 522 1549 cumeum,
538 1473 592 1537 cui
606 1484 639 1537 et
655 1473 790 1559 legatus
804 1482 837 1536 et
853 1492 914 1556 pro
930 1481 1110 1556 quaestore
1128 1468 1257 1544 fuisset,

209 1585 242 1639 et
261 1575 295 1638 in
318 1574 481 1638 invidiam
504 1573 574 1638 suis
596 1572 773 1637 maleficiis
796 1570 951 1646 adduxit,
971 1581 1004 1635 et
1019 1570 1054 1634 in
1071 1569 1153 1655 ipsis
1171 1569 1260 1654 peri.-

211 1675 297 1739 culis
324 1696 393 1739 non
422 1675 532 1738 solum
560 1673 723 1747 deseruit,
749 1673 810 1738 sed
839 1673 941 1737 etiam
966 1670 1187 1759 oppugnavit
1217 1691 1275 1746 ac¹

209 1773 378 1860 prodidit?
410 1790 452 1837 la.
476 1773 585 1858 Cujus
602 1784 762 1858 praetura
778 1773 911 1838 urbana
929 1773 1065 1837 aedium
1083 1793 1258 1837 sacrarum

141 1877 143 1881 ’
208 1875 271 1938 suit
286 1876 568 1960 publicorumque
585 1895 727 1958 operum
746 1873 987 1958 depopulati03
1012 1873 1114 1938 simul
1130 1875 1165 1937 in
1182 1871 1267 1962 jurc'

209 1975 370 2049 dicundo,
397 1976 563 2039 bonorum
596 1973 934 2060 possessionumque,
961 1985 1077 2039 contra
1105 1975 1258 2039 omnium

208 2073 370 2148 instituta,
395 2074 543 2138 addictio
579 2085 611 2137 et
633 2074 851 2138 condonatio.
895 2074 975 2160 Jam
999 2097 1081 2140 vero
1105 2075 1258 2140 omnium

207 2175 363 2240 vitiorum
389 2195 527 2238 suorum
552 2173 700 2258 plurima
721 2185 753 2238 et
774 2173 925 2238 maxima
948 2175 1118 2239 constituit
1139 2198 1259 2240 monu-

209 2286 322 2339 menta
342 2284 376 2338 et
397 2272 524 2337 indicia
548 2272 584 2336 in
608 2273 786 2358 provincia
811 2273 952 2348 Sicilia3
983 2297 1086 2361 quam
1112 2275 1173 2341 iste
1198 2297 1259 2361 per

207 2357 390 2439 triennium
414 2374 460 2437 ita
476 2373 616 2437 vexavit
633 2394 675 2438 ac
691 2374 850 2459 perdidit,
869 2387 904 2439 ut
916 2396 958 2439 ea
975 2375 1104 2440 restitui
1122 2376 1155 2440 in
1173 2376 1259 2441 anti-

207 2495 312 2560 quum
330 2485 453 2538 statum
470 2474 564 2538 nullo
581 2473 684 2538 modo
701 2474 827 2558 possit3
850 2474 909 2538 vix
926 2485 1037 2538 autem
1057 2496 1118 2560 per
1134 2478 1259 2542 multos

207 2595 330 2648 annos,
349 2572 608 2658 innocentisque
629 2585 817 2659 praetoreS,
837 2574 951 2660 aliqua
972 2596 1015 2638 ex
1035 2586 1130 2659 parte
1148 2598 1260 2642 recre-

208 2673 257 2738 ari
283 2673 470 2760 aliquando
498 2695 599 2759 posse
622 2673 801 2738 videatur,
840 2690 882 2737 13.
908 2673 984 2738 Hoc
1013 2688 1179 2759 praetore,
1204 2676 1259 2742 Si·

208 2774 276 2839 culi
300 2795 412 2859 neque
434 2795 514 2838 suas
538 2774 647 2861 leges
667 2796 778 2860 neque
799 2787 913 2839 nostra
934 2777 1257 2853 senatus-consulta,

208 2896 319 2960 neque
351 2874 547 2937 communia
575 2874 654 2961 jura
686 2884 878 2938 tenuerunt.
927 2874 1078 2938 Tantum
1114 2876 1259 2962 quisque

209 2975 312 3038 habet
335 2974 371 3037 in
393 2972 527 3046 Sicilia,
550 2984 715 3058 quantum
741 2973 1103 3053 hominisavarissimi
1128 2986 1160 3038 et
1184 2975 1260 3040 libi·

209 3073 417 3139 dinosissimi
442 3084 499 3136 aut
523 3071 787 3156 imprudentiam
805 3073 1020 3160 subterfugit,
1040 3085 1098 3137 aut
1113 3075 1258 3141 satietati

209 3169 391 3258 *superfuit*
1081 3186 1083 3189 '

253 3292 291 3335 v.
318 3271 425 3335 Nulla
453 3293 508 3336 res
534 3293 595 3356 per
622 3271 819 3346 triennium,
842 3272 906 3337 nisi
935 3273 979 3337 ad
1003 3284 1122 3338 nutum
1146 3275 1257 3350 istius,

214 3371 366 3461 judicata
391 3384 462 3436 est:
495 3372 590 3435 nulla
614 3393 668 3436 res
694 3372 896 3459 cujusquam
921 3384 990 3437 tam
1019 3374 1127 3457 patria
1157 3386 1259 3460 atque

209 3472 299 3536 avita
323 3471 397 3546 suit,
421 3492 510 3557 quae
536 3492 605 3535 non
629 3472 672 3535 ab
698 3492 752 3547 eo,
777 3471 921 3556 imperio
948 3473 1057 3547 istius,
1084 3473 1260 3561 abjudica-

183 3583 312 3635 retur.
373 3571 648 3635 Innumerabiles
680 3571 847 3656 pecuniae
879 3593 923 3636 ex
956 3585 1128 3638 aratorum
1159 3575 1259 3640 bon-is

208 3693 298 3736 novo
318 3669 518 3756 nefarioque
537 3670 688 3735 instituto
709 3682 848 3735 coactae
860 3694 868 3746 3
902 3673 985 3737 socii
1009 3666 1198 3739 fidelissimi
1223 3675 1259 3740 in

209 3770 357 3835 hostium
386 3791 529 3834 numero
557 3770 761 3843 existimati3
799 3772 891 3836 cives
920 3773 1070 3837 Romani
1099 3761 1283 3840 servilem‘
1367 3778 1372 3813 ⁴*

207 3871 244 3934 in
272 3871 412 3934 modum
441 3870 581 3933 cruciati
610 3883 643 3935 et
671 3871 803 3945 necati3
842 3872 997 3936 homines
1026 3875 1258 3939 nocentissimi

120 3975 124 3982 '
206 3981 346 4055 propter
367 3969 533 4056 pecunias
554 3969 684 4057 judicio
708 3971 839 4035 liberati
853 3994 861 4046 3
899 3972 1127 4036 honestissimi
1157 3986 1258 4060 atque
