2760 4448
190 253 237 343 46
470 252 730 342 Impeachmeat
752 256 800 341 of
825 253 969 320 Verres.
1096 244 1214 315 [Vana.
1231 245 1265 298 V.

191 455 245 519 lus
276 474 355 519 cum
387 452 502 518 onmia
533 452 676 519 victoria
716 454 776 518 illa
816 474 878 519 sua
916 449 1073 537 profana
1110 446 1263 522 fecisset,

190 566 306 618 tamen
322 553 490 641 religione
514 553 699 639 impeditus
722 576 793 618 non
817 552 953 640 attigit:
988 551 1070 625 iste,
1098 570 1181 614 curn
1206 548 1264 613 illa

197 655 270 742 jam
295 666 432 739 propter
456 652 652 718 diuturnam
681 674 803 738 pacem
831 652 1115 736 fidelitatemque
1144 645 1265 732 populi

192 753 404 840 Syracusani
429 773 528 818 sacra
553 752 783 839 religiosaque
808 754 1021 838 accepisset,
1047 769 1176 815 omnes
1205 766 1264 810 eas

191 854 325 918 tabulas
342 852 500 918 abstulit:
526 852 687 937 parietes,
704 874 850 938 quorum
870 862 1019 918 ornatus
1045 860 1096 913 tot
1120 845 1264 912 saecula

192 964 401 1027 manserant,
419 963 467 1016 tot
489 952 581 1016 bella
605 951 813 1038 effugerant,
837 953 949 1017 nudos
976 971 1023 1016 ac
1047 947 1263 1015 deformatos

192 1052 339 1137 reliquit.
385 1065 415 1112 a.
438 1051 483 1115 Et
507 1050 708 1125 Marcellus,
727 1050 800 1137 qui,
818 1051 846 1116 si
867 1050 1074 1137 Syracusas
1097 1046 1261 1131 cepisset,

192 1151 260 1215 duo
275 1151 402 1240 templa
419 1172 457 1215 se
474 1149 610 1216 Romae
623 1150 860 1216 dedicaturum
875 1162 1033 1223 voverat,
1050 1149 1082 1212 is
1100 1148 1150 1221 id,
1170 1144 1263 1232 quod

192 1262 265 1315 erat
288 1250 541 1325 aedificaturus,
560 1250 601 1315 iis
626 1251 728 1315 rebus
752 1270 887 1325 ornare,
906 1270 997 1336 quas
1017 1257 1183 1333 ceperat,
1203 1266 1263 1309 no·

192 1350 273 1415 luit:
297 1348 439 1423 Verres,
457 1350 601 1435 quinon
626 1349 758 1417 Honori
782 1370 893 1434 neque
915 1348 1064 1423 Virtuti,
1085 1367 1194 1434 quem
1217 1342 1262 1407 ad

192 1450 332 1515 modum
356 1449 427 1524 ille,
452 1450 513 1513 sed
536 1449 676 1514 Veneri·
691 1461 724 1515 et
747 1448 912 1534 Cupidini
936 1460 1019 1514 vota
1047 1447 1210 1519 deberet,
1233 1444 1262 1508 is

192 1549 372 1613 Minervae
404 1549 569 1634 templum
602 1549 750 1634 spoliare
783 1561 925 1614 conatus
957 1558 1023 1613 est.
1078 1545 1147 1610 Ille
1175 1545 1261 1610 deos

192 1650 334 1713 deorum
351 1648 470 1734 spoliis
487 1649 600 1713 ornari
618 1649 745 1714 noluit:
772 1649 828 1714 hic
844 1659 1052 1714 ornamenta
1071 1645 1261 1711 Minervae

190 1748 335 1835 virginis
366 1749 402 1812 in
433 1749 661 1814 meretriciam
702 1749 842 1814 domum
877 1748 1065 1813 transtulit.
1120 1743 1259 1832 Viginti

191 1861 225 1913 et
256 1860 595 1934 septempraeterea
626 1848 762 1914 tabulas
794 1849 1024 1934 pulcherrime
1060 1846 1179 1933 pictas
1214 1864 1259 1907 ex

192 1948 314 2013 eadem
331 1948 417 2013 aede
434 1949 587 2014 sustulit:
611 1948 645 2013 in
663 1949 786 2034 quibus
804 1960 899 2013 erant
915 1948 1092 2035 imagines
1110 1943 1258 2012 Siciliae

191 2069 313 2134 regum
332 2069 373 2112 ac
389 2060 627 2133 tyrannorum,
642 2069 731 2134 quae
746 2070 814 2114 non
831 2048 942 2113 solum
960 2048 1136 2134 pictorum
1151 2043 1258 2109 artifi-

192 2147 245 2212 cio
260 2148 490 2221 delectabant,
509 2147 569 2212 sed
590 2148 692 2212 etiam
716 2149 1041 2213 commemoratione
1069 2146 1256 2212 hominurn

192 2258 226 2311 et
255 2246 449 2332 cognitione
478 2246 676 2312 formarum.
725 2246 782 2312 Ac
811 2248 923 2313 videte
951 2259 1083 2333 quanto
1112 2245 1256 2311 taetrior

191 2345 248 2410 hic
264 2357 430 2432 tyrannus
447 2344 689 2432 Syracusanus
706 2346 806 2412 suerit
822 2368 926 2433 quam
943 2347 1130 2433 quisquam
1149 2364 1254 2428 supe·

191 2445 339 2510 riorum:
386 2467 464 2510 cum
506 2446 555 2509 illi
592 2457 707 2511 tamen
746 2446 898 2513 ornarint
934 2448 1063 2533 templa
1102 2447 1253 2512 deorum

190 2545 449 2620 immortalium,
483 2545 540 2610 hic
574 2546 677 2610 etiarn
712 2546 848 2612 illorum
886 2559 1108 2613 monumenta
1146 2557 1252 2631 atque

189 2656 392 2710 ornamenta
414 2645 600 2710 sustulerit.
629 2697 633 2703 .
1243 2642 1246 2650 '

235 2763 310 2808 avt.
336 2744 476 2830 10.Jam
505 2745 693 2832 veroquid
718 2767 784 2834 ego
808 2747 850 2812 de
875 2746 985 2812 valvis
1009 2746 1101 2811 illius
1127 2740 1250 2829 templi

191 2842 481 2910 commemorem?
538 2844 671 2910 Vereor
698 2867 755 2921 ne,
784 2848 871 2912 haec
898 2846 956 2933 qui
985 2868 1054 2911 non
1081 2844 1246 2917 viderint,

191 2944 307 3009 omnia
339 2965 394 3008 me
425 2943 527 3008 nimis
559 2965 687 3031 augere
720 2957 821 3032 atque
858 2967 982 3025 ornare
1017 2944 1246 3010 arbitrentur:
1315 3018 1318 3023 Ι

171 3044 283 3130 „quod
307 3056 422 3108 tamen
447 3065 548 3108 nemo
572 3044 739 3129 suspicari
763 3047 878 3122 debet,
896 3057 967 3110 tam
984 3067 1060 3110 esse
1078 3067 1132 3109 me
1150 3041 1248 3128 cupi·

191 3145 285 3218 dum,
305 3156 340 3208 ut
356 3154 403 3208 tot
420 3143 509 3208 viros
527 3144 707 3228 primarios
727 3145 844 3220 velim,
863 3145 1063 3231 praesertim
1087 3167 1131 3209 ex
1152 3142 1247 3234 judi-

190 3264 269 3308 cum
294 3265 450 3317 numero,
468 3243 525 3330 qui
547 3242 731 3330 Syracusis
750 3244 886 3320 suerint,
905 3245 962 3333 qui
979 3247 1066 3310 haec
1081 3244 1242 3315 viderint,

189 3363 266 3407 esse
282 3342 462 3407 temeritati
479 3353 512 3408 et
528 3343 708 3409 mendacio
727 3366 803 3410 meo
820 3334 987 3410 conscios.
1027 3344 1242 3410 Confirmare

190 3443 256 3508 hoc‘
274 3441 417 3528 liquido,
432 3443 579 3530 judices,
599 3462 752 3529 possum,
771 3445 890 3509 valvas
915 3445 1240 3531 magnificentiores,

189 3563 233 3606 ex
247 3562 330 3626 auro
344 3554 444 3628 atque
457 3543 560 3607 ebore
575 3542 806 3628 perfectiores,
820 3545 933 3609 nullas
945 3553 1109 3630 umquam
1123 3545 1193 3608 ullo
1206 3542 1241 3605 in

188 3641 316 3726 templo
329 3640 446 3707 fuisse.
485 3642 691 3708 Incredibile
707 3644 799 3708 dictu
816 3631 985 3730 est‘quam
1003 3643 1098 3708 multi
1116 3639 1240 3708 Graeci

189 3741 232 3807 de
250 3743 370 3806 harum
385 3742 563 3805 valvarum
582 3743 835 3828 pulchritudine
849 3744 1012 3828 scriptum
1029 3744 1237 3829 reliquerint.

188 3840 344 3909 Nimium
379 3840 520 3907 sor'sitan
556 3843 643 3906 haec
674 3842 722 3908 illi
756 3843 919 3907 mirentur
951 3855 1051 3928 atque
1082 3843 1236 3907 efferant.

188 3941 292 4008 Esto:
315 3963 436 4008 verum
453 3951 568 4005 tamen
581 3941 760 4030 ⁸honestius
777 3953 828 4007 est
845 3942 892 4006 rei
908 3942 1069 4028 publicae
1089 3954 1236 4029 nostrae,
