2722 4438
117 300 271 371 XXX1·84·]
321 301 381 368 He
404 304 561 368 deserves
584 304 667 369 well
687 305 735 391 of
748 304 804 371 the
828 303 940 371 State.
1103 321 1166 369 201

117 501 362 588 opprimendis,
389 512 438 579 ut,
468 503 629 590 quoniam
658 514 778 570 nostra
801 503 913 571 futura
931 514 1021 569 esset
1044 503 1168 592 gloria,
1213 519 1220 535 ·

117 601 306 687 periculum
338 622 474 688 quoque
505 613 539 667 et
568 603 733 668 invidiam
767 615 917 669 nostram
958 614 1168 688 putaremus.

117 702 209 767 Nam
226 722 314 787 quae
331 701 415 765 mihi
432 702 497 788 ipsi
513 704 693 768 tribuenda
717 704 792 768 laus
817 714 919 778 esset,
938 724 1017 768 cum
1039 715 1170 768 tantum

116 802 151 867 in
179 801 358 866 consulatu
383 822 460 866 meo
487 823 550 887 pro
577 802 673 867 vobis
702 822 743 867 ac
772 802 890 875 liberis
914 803 1036 868 vestris
1068 824 1171 868 ausus

117 922 242 976 essem,
260 901 289 965 si
314 900 362 974 id,
385 901 476 986 quod
500 902 652 966 conabar
672 901 746 966 sine
774 902 935 969 maximis
959 903 1171 969 dimication-

117 1004 193 1068 ibus
209 1002 295 1066 meis
312 1022 367 1066 me
384 1022 460 1066 esse
484 1022 647 1066 ausurum
672 1001 876 1068 arbitrarer?
923 1001 1025 1088 Quae
1049 1004 1172 1067 mulier

118 1102 321 1169 sceleratum
347 1121 390 1165 ac
416 1100 645 1185 perniciosum
673 1101 782 1166 civem
809 1102 998 1168 interficere
1023 1125 1091 1168 non
1113 1123 1173 1166 au-

118 1204 223 1277 deret,
250 1201 278 1265 si
307 1201 496 1286 periculum
525 1221 594 1265 non
625 1201 781 1266 timeret?
825 1202 1004 1288 Proposita
1028 1202 1170 1277 invidia,

119 1313 237 1377 morte,
250 1321 375 1387 poena,
390 1300 448 1386 qui
462 1299 568 1366 nihilo
581 1302 723 1390 segnius
735 1322 806 1366 rem
820 1302 993 1387 publicam
1006 1301 1171 1376 defendit,

118 1402 149 1468 is
170 1403 224 1466 vir
247 1423 329 1466 vere
356 1401 528 1486 putandus
556 1411 619 1466 est.
668 1401 792 1487 Populi
820 1402 909 1491 grati
936 1412 988 1467 est
1012 1401 1173 1487 praemiis

120 1502 267 1567 adficere
283 1503 371 1566 bene
391 1500 529 1566 meritos
545 1501 588 1566 dc
604 1522 641 1566 re
658 1502 796 1586 publica
812 1501 916 1576 civis3
933 1502 996 1566 viri
1020 1501 1114 1567 fortis
1131 1522 1174 1565 ne

119 1601 295 1688 suppliciis
314 1601 453 1688 quidem
479 1601 608 1667 moveri
633 1612 671 1667 ut
695 1601 823 1667 fortiter
846 1602 967 1667 secisse
992 1601 1174 1687 paeniteat.

119 1721 163 1768 aa.
188 1701 305 1786 Quam
322 1702 367 1766 ob
383 1722 456 1766 rem
472 1712 623 1766 uteretur
646 1702 767 1766 eadem
792 1700 1006 1767 confessione
1029 1700 1074 1764 T.
1102 1699 1176 1764 An-

119 1805 197 1869 nius
209 1823 277 1889 qua
290 1801 420 1877 Ahala,
434 1823 502 1888 qua
516 1800 743 1887 Nasica,'qua
757 1800 927 1887 Opimius,
942 1821 1010 1887 qua
1027 1800 1173 1874 Marius,

120 1925 188 1991 qua
204 1912 339 1968 nosmet
353 1901 440 1987 ipsi3
465 1911 510 1976 et,
529 1901 557 1966 si
580 1911 678 1988 grata
706 1921 761 1965 res
788 1900 925 1985 publica
951 1911 1053 1975 esset,
1071 1901 1177 1965 laeta·

120 2016 232 2069 retur:
258 2002 287 2068 si
312 2002 461 2090 ingrata,
479 2012 594 2068 tamen
620 1999 653 2065 in
680 1999 779 2089 gravi
804 2000 940 2066 fortuna
968 1999 1177 2066 conscientia

121 2125 183 2171 sua
200 2103 372 2167 niteretur.
1166 2164 1169 2171 ,

166 2203 238 2270 Sed
255 2203 356 2290 hujus
378 2201 523 2267 benefici
549 2201 709 2290 gratiam,
731 2199 878 2290 judices,
893 2200 1028 2269 fortuna
1060 2199 1177 2286 populi

122 2303 274 2370 Romani
291 2314 324 2367 et
339 2313 451 2367 vestra
468 2301 612 2367 felicitas
629 2310 661 2366 et
677 2301 711 2365 di
739 2300 948 2366 immortales
969 2299 1033 2366 sibi
1061 2298 1178 2366 deberi

122 2413 254 2491 putant.
303 2402 381 2468 Nec
410 2423 492 2467 vero
524 2401 704 2488 quisquam
737 2401 834 2465 aliter
868 2400 1023 2465 arbitrari
1056 2409 1177 2485 potest,

122 2504 187 2571 nisi
219 2504 278 2591 qui
309 2504 440 2567 nullam
468 2502 537 2566 vim
569 2523 645 2567 esse
676 2501 770 2566 ducit
799 2506 972 2565 numenve
1002 2501 1178 2574 divinum3

122 2625 225 2692 quern
254 2624 365 2690 neque
397 2601 519 2687 imperi
542 2599 647 2664 nostri
670 2599 873 2687 magnitudo
900 2621 1012 2686 neque
1040 2601 1090 2665 sol
1121 2601 1179 2663 ille

121 2726 187 2770 nec
209 2704 296 2771 caeli
314 2703 560 2790 signorumque
577 2712 688 2766 motus
712 2720 777 2764 nec
792 2699 1042 2763 vicissitudines
1066 2720 1180 2763 rerum

123 2817 226 2894 atque
264 2804 403 2870 ordines
442 2813 591 2875 movent,
625 2820 737 2886 neque
773 2798 825 2879 (id
860 2799 951 2885 quod
991 2798 1181 2862 maximum

122 2907 191 2994 est)
223 2906 391 2993 majorum
421 2901 601 2987 sapientia,
629 2895 686 2986 qui
719 2918 830 2973 sacra,
855 2897 912 2983 qui
940 2897 1179 2971 caerimonias,

121 3008 180 3094 qui
199 3006 353 3093 auspicia
370 3017 403 3072 et
418 3005 482 3092 ipsi
498 3000 714 3088 *sanctissime
731 2998 921 3073 coluerunt,
941 3009 973 3063 et
989 2997 1087 3061 nobis
1111 2996 1182 3061 suis

121 3108 267 3194 posteris
293 3107 527 3195 prodiderunt.
578 3119 681 3166 xxxt.
708 3116 753 3164 84.
778 3098 851 3173 Est,
871 3107 921 3162 est
948 3096 1098 3182 profecto
1123 3095 1182 3160 illa

119 3210 195 3274 vis:
220 3230 333 3295 neque
350 3208 384 3272 in
402 3207 455 3271 his
472 3204 671 3289 corporibus
690 3211 791 3288 atque
807 3198 842 3261 in
860 3198 926 3262 hac
950 3195 1182 3260 imbecillitate

120 3319 238 3374 nostra
266 3309 354 3372 inest
381 3306 544 3393 quiddam
573 3303 664 3390 quod
693 3302 811 3389 vigeat
837 3308 870 3362 et
897 3297 1032 3371 sentiat,
1056 3306 1089 3361 et
1114 3317 1182 3359 non

120 3407 211 3473 inest
229 3410 264 3472 in
291 3409 358 3473 hoc
378 3417 472 3471 tanto
496 3415 638 3468 naturae
658 3414 728 3466 tam
751 3397 929 3486 praeclaro
951 3408 1055 3461 motu.
1105 3395 1183 3460 Nisi
1269 3415 1272 3420 ·

119 3507 208 3573 sorte
225 3508 352 3574 idcirco
364 3528 432 3571 non
450 3514 581 3590 putant,
596 3502 760 3589 quianon
778 3507 920 3584 apparet
936 3517 1001 3561 nec
1014 3495 1182 3561 cernitur:

119 3608 268 3693 proinde
295 3607 393 3694 quasi
421 3615 572 3671 nostram
600 3602 710 3687 ipsam
741 3610 889 3663 mentem
918 3616 987 3684 qua
1016 3596 1181 3680 sapimus,

119 3729 192 3794 qua
218 3707 451 3793 providemus,
481 3725 548 3790 qua
577 3703 665 3766 haec
690 3700 765 3786 ipsa
792 3698 927 3788 agimus
955 3718 995 3762 ac
1023 3695 1181 3769 dicimus,

117 3807 242 3872 videre
267 3818 325 3871 aut
351 3807 453 3892 plane
479 3803 590 3890 qualis
613 3812 671 3865 aut
698 3799 755 3864 ubi
782 3799 824 3863 sit
849 3797 974 3863 sentire
999 3794 1182 3881 possimus.

118 3905 176 3971 Ea
201 3906 253 3971 vis
277 3906 381 3994 igitur
404 3904 493 3990 ipsa,
514 3922 603 3989 quae
628 3920 731 3985 saepe
755 3896 964 3963 incredibilis
996 3894 1077 3959 huic
1107 3892 1184 3957 urbi

117 4006 303 4072 felicitates
328 4016 429 4092 atque
446 4022 529 4090 opes
554 4000 674 4077 attulit,
693 3999 787 4064 illam
813 3995 998 4084 perniciem
1022 3992 1185 4058 exstinxit
