2760 4448
168 205 278 301 vniat]
429 208 502 274 His
525 209 666 275 Estates
689 233 754 276 are
774 211 898 277 ser'zed.
1167 226 1187 297 5

165 409 261 473 nitudo
285 409 455 493 pecuniae
483 412 756 487 demonstratum
791 413 926 478 bonitas
954 412 1186 498 praediorum,

168 509 248 594 (nam
284 508 407 573 fundos
448 511 569 575 decern
610 525 643 576 et
676 513 736 577 tris
764 512 911 599 reliquit,
943 512 1002 598 qui
1033 511 1187 576 Tiberim

161 608 219 671 fere
242 629 356 673 omnes
385 612 567 697 tangunt),
595 612 696 698 hujus
722 611 838 697 inopia
863 624 897 676 et
922 611 1067 676 solitudo
1095 632 1188 675 com·

158 720 358 772 memoratur.
422 710 679 787 Demonstrant,
706 732 783 776 curn
813 724 909 797 pater
933 711 1076 798 hujusce
1100 710 1185 775 Sex.

156 806 301 883 Roscius,
332 810 437 875 homo
468 821 539 874 tam
571 812 772 896 splendidus
806 824 840 876 et
875 810 1059 898 gratiosus,
1093 810 1188 875 nullo
1298 849 1307 860 ·

154 907 276 994 negotio
293 907 336 972 sit
350 909 498 985 occisus,
518 909 681 995 perfacile
698 912 791 975 hunc
814 911 989 975 hominem
1013 909 1188 974 incautum

152 1018 180 1073 et
199 1008 374 1083 rusticum,
394 1019 429 1073 et
451 1008 587 1075 Romae
605 1010 774 1097 ignotum,
794 1010 837 1075 de
854 1010 968 1075 medio
984 1009 1055 1074 tolli
1072 1030 1186 1095 posse.

150 1106 199 1171 Ad
221 1127 299 1173 eam
322 1129 396 1173 rem
421 1130 563 1195 operam
587 1131 685 1174 suam
714 1110 929 1196 pollicentur.
978 1108 1034 1175 Ne
1062 1109 1188 1175 diutius

148 1218 287 1283 teneam,
303 1208 451 1295 judices,
477 1210 622 1274 societas
647 1210 767 1275 coitur.
814 1229 893 1274 vm.
919 1226 955 1272 ιι.
979 1208 1068 1275 Cum
1092 1210 1189 1275 nulla

147 1307 397 1392 proscriptionis
438 1308 565 1374 mentio
604 1309 712 1385 fieret,
746 1330 825 1374 cum
862 1309 966 1374 etiam
997 1309 1055 1395 qui
1087 1321 1189 1374 antea

146 1419 330 1473 metuerant
353 1408 517 1483 redirent,
543 1429 585 1473 ac
611 1409 685 1497 jam
714 1409 892 1474 defunctos
920 1430 996 1474 sese
1027 1409 1187 1495 periculis

147 1509 396 1583 arbitrarentur,
415 1530 541 1572 nomen
560 1509 703 1574 refertur
727 1509 762 1572 in
786 1509 919 1573 tabulas
944 1508 1029 1574 Sex.
1065 1510 1187 1584 Rosci,

145 1608 379 1673 studiosissimi
408 1609 605 1673 nobilitatis.
668 1608 840 1693 Manceps
863 1609 900 1672 fit
923 1608 1185 1695 Chrysogonus.

145 1708 223 1773 Tria
247 1709 391 1793 praedia
415 1710 471 1772 vel
490 1708 702 1773 nobilissima
719 1707 879 1793 Capitoni
897 1708 1034 1795 propria
1050 1710 1190 1773 tradun-

144 1819 204 1884 tur,
222 1829 313 1894 quae
338 1808 442 1879 hodie
465 1808 635 1893 possidet;
667 1807 703 1872 in
728 1807 877 1894 reliquas
901 1829 1021 1873 omnes
1038 1808 1189 1874 fortunas

144 1909 201 1973 iste
223 1909 269 1972 T.
293 1908 460 1983 Roscius,
481 1907 619 1973 nomine
643 1907 879 1994 Chrysogoni,
897 1908 1190 1993 quemadmodum

143 2009 212 2094 ipse
228 2007 325 2083 dicit,
343 2006 510 2092 impetum
527 2007 618 2071 facit.
672 2006 791 2094 [Haec
809 2007 900 2071 bona
925 2018 1084 2072 emuntur
1106 2008 1192 2074 duo·

143 2109 203 2174 bus
219 2108 358 2172 milibus
375 2106 588 2194 nummum]
1060 2155 1066 2167 .

182 2226 224 2273 12.
249 2207 352 2271 Haec
369 2205 498 2281 omnia,
517 2206 665 2292 judices,
682 2205 899 2292 imprudente
918 2205 963 2269 L.
981 2205 1081 2271 Sulla
1100 2206 1191 2272 sacta

144 2328 214 2373 esse
243 2318 338 2371 certo
358 2306 459 2379 sci03
497 2327 609 2391 neque
637 2306 729 2371 enim
758 2306 1039 2381 mirum-cum
1068 2307 1192 2371 eodem

143 2418 292 2492 tempore
310 2417 344 2470 et
360 2427 401 2469 ea
418 2426 507 2491 quae
524 2405 704 2493 praeterita
721 2415 800 2469 sunt
815 2417 849 2470 et
864 2427 906 2469 ea
921 2427 1010 2490 quae
1033 2405 1193 2470 videntur

143 2506 267 2572 instare
284 2516 481 2592 praeparet,
495 2526 574 2569 curn
591 2516 624 2569 et
641 2505 736 2589 pacis
754 2505 1011 2569 constituendae
1024 2507 1191 2570 rationem

91 2588 97 2599 ’
145 2618 174 2671 et
193 2605 443 2692 belligerendi
467 2615 666 2689 potestatem
688 2605 781 2668 solus
806 2605 945 2678 habeat,
969 2624 1047 2668 cum
1071 2627 1191 2670 omnes

144 2707 176 2771 in
198 2728 308 2771 unum
333 2715 498 2789 spectent,
517 2726 606 2768 uuus
628 2704 744 2768 omnia
761 2704 940 2790 gubernet,
960 2724 1038 2768 curn
1056 2717 1102 2769 tot
1117 2716 1192 2768 tan-

146 2807 251 2892 tisque
274 2804 423 2892 negotiis
447 2804 612 2868 distentus
644 2803 686 2868 sit
716 2815 754 2867 ut
783 2804 953 2888 respirare
985 2805 1091 2869 libere
1122 2827 1191 2868 non

144 2906 247 2992 possit
260 2904 346 2969 —si
363 2902 493 2989 aliquid
509 2924 577 2968 non
596 2903 856 2977 animadvertat,
883 2923 962 2966 curn
990 2903 1192 2988 praesertim

144 3018 211 3070 tam
243 3004 342 3068 multi
374 3002 635 3086 occupationem
667 3002 740 3087 ejus
772 3003 955 3067 observent
989 3013 1191 3090 tempusque

145 3115 370 3190 aucupentur,
403 3111 454 3179 ut,
486 3100 588 3163 simul
618 3111 719 3187 atque
749 3101 807 3167 ille
835 3101 1043 3185 despexerit,
1062 3103 1191 3189 aliquid

144 3207 288 3293 hujusce
303 3202 397 3267 modi
415 3201 609 3265 moliantur.
662 3198 741 3262 Huc
759 3200 904 3273 accedit,
919 3201 1011 3285 quod
1034 3203 1192 3288 quamvis
1223 3230 1225 3233 ·

143 3305 201 3370 ille
224 3304 311 3369 felix
334 3301 389 3373 sit,
407 3301 494 3365 sicut
510 3308 574 3375 est,
587 3309 702 3364 tamen
720 3296 791 3384 [in]
807 3307 902 3361 tanta
912 3299 1070 3366 felicitate
1091 3324 1192 3367 nemo

144 3414 253 3490 potest
281 3423 371 3476 esse,
399 3401 434 3463 in
462 3420 590 3485 magna
623 3398 753 3462 familia
785 3396 843 3482 qui
875 3398 1050 3464 neminem
1081 3422 1192 3487 neque

145 3526 279 3570 servum
296 3522 409 3587 neque
426 3500 583 3565 libertum
601 3497 792 3581 improbum
811 3499 948 3562 habeat.

186 3623 228 3669 ra
253 3605 392 3668 Interea
416 3601 477 3664 iste
500 3600 545 3663 T.
565 3596 728 3670 Roscius,
746 3596 798 3659 vir
817 3597 977 3681 optimus,
995 3612 1194 3683 procurator

146 3702 381 3793 Chrysogoni,
402 3700 581 3765 Ameriam
602 3697 714 3769 venit3
747 3696 782 3759 in
807 3697 950 3781 praedia
973 3699 1073 3784 hujus
1098 3700 1194 3764 inva-

146 3808 213 3881 dit;
237 3808 332 3870 hunc
349 3802 524 3874 miserum,
540 3801 631 3862 luctu
648 3797 830 3882 perditum,
846 3797 903 3882 qui
921 3798 1073 3861 nondum
1091 3799 1193 3861 etiam

147 3907 261 3972 omnia
292 3912 434 3990 paterno
466 3897 577 3966 funeri
604 3897 696 3985 justa
728 3895 895 3970 solvisset,
930 3896 1060 3960 nudum
1095 3896 1192 3968 eicit3
