2572 4442
142 245 185 329 78
366 246 545 336 Pompey’s
568 246 734 336 Mr'lr‘tary
764 247 963 314 Command.
1058 247 1193 319 [MANE.

140 447 348 513 existimavit
369 469 410 513 ea
434 469 523 535 quae
548 449 765 515 sentiebatis:
800 449 862 514 sed
885 460 999 514 tamen
1023 450 1058 515 in
1082 453 1194 518 salute

141 549 314 611 communi
342 549 434 612 idem
462 550 609 633 populus
638 549 818 613 Romanus
846 550 955 614 dolori
983 572 1044 616 suo
1072 553 1195 618 maluit

60 702 69 723 ,
140 668 243 733 quam
276 649 464 712 auctoritati
495 659 629 712 vestrae
661 648 910 745 obtemperare.
971 649 1090 737 Itaque
1121 674 1193 716 una

37 760 42 773 “
71 748 82 763 “
139 746 209 820 lex,
227 769 316 811 unus
335 748 399 822 vir,
418 770 506 813 unus
530 769 641 812 annus
666 770 734 812 non
759 749 861 812 modo
885 770 947 814 nos
970 749 1028 814 illa
1054 752 1193 816 miseria

139 864 181 909 55
197 847 403 930 turpitudine
421 847 589 922 liberavit,
608 847 788 911 sedetiam
806 846 931 923 effecit,
949 861 986 913 ut
1005 850 1192 936 aliquando

138 967 218 1010 vere
238 947 432 1012 videremur
450 948 609 1012 omnibus
634 948 793 1033 gentibus
818 968 859 1012 ac
883 949 1077 1015 nationibus
1100 963 1192 1016 terra

139 1046 293 1133 marique
317 1047 499 1131 imperare.
547 1063 591 1110 51.
616 1045 697 1132 Quo
722 1047 806 1111 mihi
828 1048 931 1114 etiam
948 1049 1122 1136 indignius
1138 1053 1192 1115 vi-

139 1145 240 1210 detur.
259 1136 482 1212 obtrectatum
505 1167 580 1222 esse
601 1146 945 1222 adbuc,-Gabinio
964 1149 1077 1217 dicam
1097 1172 1191 1216 anne

139 1244 316 1331 Pompeio,
331 1267 373 1310 an
387 1246 531 1332 utrique,
546 1246 581 1310 id
597 1247 688 1333 quod
702 1259 753 1313 est
765 1248 890 1324 verius,
902 1286 947 1296 -
957 1270 1000 1314 ne
1017 1251 1192 1336 legaretur

137 1344 184 1409 A.
215 1346 384 1411 Gabinius
415 1344 482 1411 Cn.
513 1344 679 1431 Pompeio
710 1348 881 1432 expetenti
913 1370 955 1413 ac
989 1351 1189 1435 postulanti.

138 1445 261 1509 Utrum
289 1446 360 1519 ille,
383 1446 442 1532 qui
470 1446 618 1530 postulat
646 1447 689 1512 ad
717 1459 847 1512 tantum
875 1449 1003 1513 bellum
1035 1452 1190 1537 legatum

137 1567 239 1632 quem
258 1546 353 1619 velit,
375 1546 518 1610 idoneus
543 1568 610 1611 non
635 1558 686 1611 est
708 1547 766 1633 qui
791 1548 959 1633 impetret,
981 1570 1058 1629 cum
1083 1540 1190 1624 celeri

138 1648 182 1710 ad
209 1646 413 1730 expilandos
441 1645 552 1711 socios
580 1646 856 1733 diripiendasque
884 1650 1077 1733 provincias
1101 1672 1189 1736 quos

136 1746 318 1825 voluerunt
341 1747 473 1833 legatos
493 1747 694 1820 eduxerint3
720 1767 763 1811 an
780 1748 866 1832 ipse,
886 1749 983 1836 cujus
999 1750 1076 1836 lege
1093 1752 1190 1816 55155

137 1865 179 1909 55
202 1846 352 1932 dignitas
377 1847 504 1932 populo
529 1845 690 1911 Romano
715 1858 815 1932 atque
842 1849 1000 1913 omnibus
1028 1851 1189 1936 gentibus

136 1948 316 2019 constituta
333 1957 396 2021 est,
415 1967 538 2032 expers
555 1967 630 2011 esse
648 1947 749 2011 debet
764 1948 895 2033 gloriae
912 1948 986 2035 ejus
1004 1948 1187 2034 imperato·

135 2046 182 2110 ris
206 2059 307 2132 atque
328 2046 400 2134 ejus
420 2046 601 2120 exercitus,
621 2046 1187 2133 951555511519515555115115515
1211 2057 1214 2061 ’

27 2132 46 2151 κ
135 2157 186 2211 551
217 2145 438 2211 constitutus?
483 2160 528 2209 58.
548 2144 610 2209 An
638 2143 680 2210 C
711 2146 898 2222 Falcidius,
930 2145 983 2231 Q
1008 2148 1184 2228 Metellus,

115 2240 190 2331 Q.
218 2245 360 2312 Caelius
391 2244 714 2409 Latiniencqiqfflffn.
748 2245 929 2321 Lentulus,
958 2270 1043 2335 quos
1074 2249 1187 2315 omnis

135 2347 274 2412 honoris
292 2367 396 2412 causa
413 2345 564 2420 nomino,
580 2367 621 2409 cu
690 2346 799 2459 ribuni
816 2347 907 2431 plebi
924 2347 1078 2423 fuissent,
1094 2370 1188 2415 anno

134 2560 203 2612 tam
232 2549 426 2635 diligentes,
454 2546 512 2632 qui
541 2546 575 2609 in
600 2547 665 2610 hoc
689 2547 793 2621 115115,
816 2548 908 2632 115511
932 2548 1010 2635 lege
1035 2546 1186 2615 Gabinia

134 2649 276 2735 geritur,
300 2649 334 2712 in
361 2648 425 2712 hoc
449 2641 653 2731 imperatore
678 2659 779 2732 atque
804 2647 969 2721 exercitu,
993 2670 1094 2734 quem
1123 2672 1187 2734 per
1213 2686 1216 2690 ‡

132 2771 194 2813 vos
218 2748 292 2834 ipse
316 2747 498 2820 constituit,
518 2746 620 2811 etiam
637 2745 823 2832 praecipuo
836 2746 913 2834 jure
929 2769 1005 2812 esse
1022 2749 1184 2814 deberet?
1284 2806 1285 2829 2

134 2848 188 2913 De
204 2871 272 2936 quo
288 2850 438 2936 legando
455 2848 614 2912 consules
631 2868 730 2931 spero
755 2847 799 2910 ad
824 2860 979 2911 senatum
1002 2850 1181 2915 relaturos.
1237 2902 1260 2937 Γ,
1284 2872 1285 2909 1

134 2948 205 3035 Qui
232 2950 260 3014 si
285 2950 487 3014 dubitabunt
512 2958 569 3010 aut
592 2947 839 3033 gravabuntur,
861 2968 927 3032 ego
948 2969 1001 3012 me
1024 2950 1186 3032 profiteor
1206 2958 1239 3005 ut
1284 3004 1285 3011 ,

132 3052 329 3113 relaturum.
378 3046 503 3158 Neque
520 3067 574 3110 me
594 3044 756 3129 impediet
780 3046 981 3133 cujusquam
1005 3047 1184 3115 inimicum
1205 3016 1277 3108 1111

132 3149 294 3223 5111515111,
319 3168 388 3234 quo
416 3147 527 3209 minus
555 3145 651 3210 vobis
675 3145 780 3210 fretus
802 3158 953 3211 vestrum
973 3147 1142 3243 jusw
1054 3149 1184 3214 benefi-
1169 3168 1284 3297 qq*

131 3248 290 3334 ciumque
304 3246 508 3335 defendam
530 3267 640 3331 neque
654 3257 788 3331 praeter
799 3216 1142 3312 intercessionem!
1067 3249 1197 3359 quic·

131 3369 234 3433 quam
253 3348 405 3421 audiam,
420 3347 462 3411 de
475 3367 543 3432 qua
560 3347 614 3431 (ut
631 3345 816 3431 arbitror)
807 3345 861 3410 rsti
878 3346 955 3431 ipsi,
971 3347 1028 3432 qui
1049 3311 1183 3412 minan-

130 3458 196 3521 tur,
214 3448 317 3511 etiam
335 3459 435 3532 atque
452 3447 553 3510 etram
570 3444 652 3531 quid
670 3446 770 3511 liceat
787 3446 1062 3511 considerabunt
1097 3445 1183 3513 Mea

131 3548 269 3634 quidem
300 3547 479 3621 sententia,
510 3544 674 3628 Quiritem
706 3567 793 3609 unus
824 3543 871 3608 A.
902 3545 1182 3643 Gabinius3belli

131 3646 291 3711 maritimi
332 3667 513 3731 rerumque
554 3656 728 3731 gestarum
763 3643 831 3709 Cn.
868 3644 1033 3730 Pompeio
1067 3646 1199 3763 sociusJ

130 3748 320 3821 ascribitur,
339 3757 518 3831 propterea
538 3745 630 3830 quod
654 3744 738 3807 alter
762 3744 821 3808 uni
846 3744 931 3810 illud
955 3747 1083 3810 bellum
1107 3769 1182 3812 5115-
1268 3806 1284 3817 ,,

130 3846 325 3933 cipiendum
348 3843 469 3909 vestris
493 3843 667 3957 suffragiis
689 3844 819 3919 detulit,
838 3844 922 3909 alter
938 3846 1089 3911 delatum
1107 3869 1181 3913 sus-

129 3959 334 4034 ceptumque
354 3943 516 4010 consecit.
536 3926 657 4021 113

489 4022 605 4103 ab*

510 4076 514 4083 “
602 4074 612 4095 Ι

609 4108 619 4125 ὗ
