2572 4442
884 80 1182 129 χλιι-,ιι

149 262 214 331 118
434 263 648 354 Conspiracy
673 266 721 353 ff
739 265 910 334 Catilina.
1009 259 1126 332 [Cffllu
1144 263 1194 317 1¹1·

87 460 92 469 “
146 464 271 554 majus,
290 474 323 529 et
338 463 374 530 in
398 465 537 532 excelso
559 466 754 544 conlocare,
772 477 805 532 et
825 466 971 554 (contra
989 473 1090 571 Q
1105 474 1198 528 antea

146 565 274 651 suerat)
306 565 349 630 ad
377 566 544 630 orientem
576 578 795 642 convertere3
820 588 867 631 ac
896 587 936 631 se
966 585 1104 650 sperare
1132 565 1201 627 dix·

146 677 258 741 erunt,
285 664 312 730 si
345 665 428 730 illud
457 665 608 752 signum,
640 667 732 753 quod
759 667 899 746 videtis,
929 666 1013 730 solis
1041 676 1148 728 ortum
1173 672 1202 728 et

146 764 257 829 sorum
274 766 473 861 curiamque
490 766 715 852 cogi-siju
735 766 807 851 sore
825 778 862 830 ut
880 786 925 830 ea
943 764 1103 837 consilia,
1121 783 1202 849 quae

147 865 236 928 clam
259 878 373 931 essent
394 865 476 930 inita
504 879 621 929 contra
647 860 792 931 salutem
817 858 918 930 urbis
947 876 1052 950 atque
1074 862 1202 947 imperi,

146 936 417 1058 infflur,
432 976 468 1028 ut
485 984 504 1027 a
522 975 642 1029 senatu
659 966 854 1052 populoque
873 965 1046 1030 Romano
1063 954 1204 1048 perspici

147 1076 297 1151 pm.
338 1063 453 1150 Atque
474 1063 577 1151 [illud
594 1064 750 1152 signum]
772 1064 1035 1153 conlocandum
1053 1060 1205 1126 consules
1209 1078 1234 1161 ᾗ
1270 1134 1272 1149 .

147 1164 196 1226 illi
213 1151 431 1238 locaverunt3
456 1164 517 1228 sed
535 1175 628 1227 tanta
651 1162 714 1231 suit
729 1164 843 1250 operi's
860 1141 1084 1237 tarditassut
1100 1180 1205 1246 neque
1241 1206 1245 1219 ,

147 1262 378 1357 superipribps
397 1263 609 1350 cqnsuljbus,
627 1283 739 1349 neque
766 1263 864 1361 Q
891 1276 977 1329 ante
1006 1261 1205 1328 hodiernum
1244 1336 1247 1341 Δ

117 1412 136 1451 1,,
148 1356 253 1436 diem,
272 1363 541 1449 CQQQNJ
771 1364 860 1387 ''⁸“

81 1442 173 1529 ,V
193 1482 244 1527 rx.
269 1479 311 1526 ει.
337 1462 405 1527 Hic
421 1463 497 1549 quis
514 1473 623 1547 potest
640 1483 715 1528 esse
732 1472 801 1527 tam
820 1484 967 1529 aversus
987 1484 1009 1528 a
1026 1481 1124 1536 vero,
1142 1469 1206 1524 tam
1233 1495 1238 1506 ·
1272 1508 1273 1539 3

92 1540 111 1597 ‘⁴
147 1583 327 1649 praeceps,
351 1574 421 1628 tam
453 1574 566 1629 mente
597 1573 732 1648 captus,
758 1562 816 1648 qui
845 1576 953 1662 Q
979 1564 1073 1650 haec
1096 1556 1207 1625 omnia
1220 1540 1273 1647 'affl'

147 1685 236 1750 quae
253 1664 421 1738 videmus,
440 1662 692 1749 praecipueque
710 1663 801 1727 banc
825 1660 962 1738 urbem,
983 1663 1133 1728 deorum
1150 1657 1207 1720 im·
1264 1640 1273 1675 ³

147 1765 341 1829 mortalium
369 1777 453 1828 nutu
485 1785 525 1829 ac
550 1774 713 1849 potestate
739 1761 1008 1828 administrari?
1073 1758 1207 1826 Etenim
1273 1746 1274 1839 l

147 1884 225 1928 curn
255 1886 288 1959 's
307 1874 340 1929 et
363 1865 409 1928 ita
433 1886 648 1950 responsum,
675 1862 812 1979 qqedes,
831 1862 1012 1940 incendia,
1035 1859 1206 1926 interitum

147 1962 196 2027 rei
219 1886 377 2048 ptffiffiae
410 1964 615 2049 comparari,
641 1962 740 2057 Q
754 1941 825 2049 “Ber
849 1963 1115 2049 civis,-—quae
1140 1970 1206 2022 tum

147 2075 284 2148 propter
302 2064 573 2150 magnitudinem
593 2064 762 2128 scelerum
779 2084 848 2129 non
865 2063 970 2129 nullis
987 2058 1206 2128 incredibilia
1232 2109 1256 2150 s

146 2161 362 2238 videbantur,
375 2184 471 2227 -ea
489 2184 556 2226 non
575 2163 674 2228 modo
692 2162 841 2250 cogitata
859 2184 878 2227 a
896 2163 1042 2229 nefariis
1061 2160 1205 2231 civibus,

146 2284 266 2326 verum
284 2262 384 2327 etiam
403 2273 563 2348 suscepta
578 2284 653 2328 esse
670 2262 835 2327 sensistis.
879 2263 970 2328 Illud
987 2277 1205 2329 verononne

147 2361 193 2426 ita
210 2383 372 2447 praesens
396 2374 459 2437 est,
477 2373 514 2426 ut
536 2373 630 2455 Q
639 2362 736 2448 Jovis
753 2361 882 2448 Optimi
900 2362 1055 2429 Maximi
1079 2363 1205 2427 sactum
1274 2352 1275 2379 ³

147 2484 223 2527 esse
240 2462 407 2553 ‘'Q‘’
425 2473 473 2538 ut,
501 2482 578 2527 cum
607 2461 773 2528 hodierno
797 2463 853 2528 die
881 2485 983 2530 mane
1006 2486 1074 2551 per
1095 2463 1210 2527 sorum.

148 2583 225 2627 meo
252 2552 415 2650 jii‘ssll‘et
446 2561 612 2657 cqnjurati
643 2573 676 2626 et
699 2584 818 2629 eorum
848 2561 978 2629 indices
1010 2565 1047 2629 in
1082 2559 1206 2659 Q

147 2660 363 2727 Concordiae
389 2652 614 2755 ducemur?
624 2682 665 2728 eo
693 2662 768 2747 ipso
793 2674 947 2749 tempore
975 2650 1202 2752 signumsta:

147 2760 319 2862 Qtur?
333 2784 402 2849 quo
417 2757 602 2829 'conlocato‘
620 2773 720 2849 atque
738 2763 781 2828 ad
798 2785 860 2829 vos
877 2776 1106 2853 senatumque
1125 2781 1204 2827 con·

147 2884 260 2937 verso,
286 2864 401 2928 omnia
422 2863 473 2951 [et
500 2875 638 2929 senatus
660 2873 694 2928 et
709 2862 787 2951 vos]
815 2885 905 2951 quae
929 2876 1027 2930 erant
1050 2863 1202 2951 cogitata

149 2976 266 3028 contra
282 2964 426 3030 salutem
443 2963 609 3037 omnium,
624 2962 801 3027 inlustrata
819 2975 853 3027 et
867 2964 1039 3050 patefacta
1052 2960 1200 3030 vidistis.

147 3081 195 3127 22.
213 3064 293 3149 Quo
309 3063 411 3128 etiam
429 3063 556 3150 majore
574 3073 652 3126 sunt
667 3061 720 3126 isti
737 3063 817 3149 odio
833 3064 1071 3152 supplicioque
1089 3059 1199 3150 digni,

148 3167 205 3251 qui
223 3188 291 3230 non
308 3165 418 3243 solum
435 3161 554 3227 vestris
571 3161 753 3228 domiciliis
771 3175 872 3249 atque
889 3165 1000 3241 tectis,
1018 3167 1079 3231 sed
1097 3163 1210 3230 etiam'

149 3268 290 3349 deffim
307 3265 443 3350 templis
463 3274 563 3350 atque
587 3263 739 3328 delubris
763 3277 842 3329 sunt
864 3264 1015 3332 funestos
1039 3286 1082 3332 ac
1106 3261 1202 3329 nesa-

149 3366 217 3429 rios
239 3365 329 3452 ignis
351 3364 474 3431 inferre
501 3363 626 3430 con'ati.
676 3362 813 3448 Quibus
836 3387 904 3452 ego
920 3365 948 3431 si
966 3388 1022 3432 me
1037 3364 1199 3432 restitisse

149 3465 275 3538 dicam,
306 3464 448 3529 nimium
481 3466 566 3530 mihi
597 3486 745 3540 sumam,
772 3475 805 3530 et
833 3487 901 3530 non
931 3466 995 3532 sim
1024 3466 1196 3561 [ΨΒ-(Ἀθ.

149 3564 225 3652 1212,
251 3564 308 3628 ne
332 3563 490 3649 Juppuer
521 3534 751 3631 restrtffiue
776 3565 997 3652 Capitolium,
1023 3566 1081 3632 ine
1112 3566 1198 3630 haec

149 3664 289 3749 templa,
307 3663 365 3727 ille
390 3676 547 3728 cunctam
564 3665 696 3740 urbem,
715 3665 772 3731 ille
788 3688 850 3731 vos
866 3664 977 3730 omnis
993 3667 1106 3732 salvos
1124 3681 1197 3730 esse

148 3765 265 3830 voluit.
316 3763 379 3829 Dis
404 3784 470 3849 ego
495 3763 742 3830 immortalibus
767 3766 910 3830 ducibus
927 3765 1018 3830 hanc
1036 3778 1193 3836 muntem,

150 3864 317 3950 Quum,
334 3862 610 3948 voluntatemque
633 3838 901 3950 suscepifr‘t't'q'tse
930 3866 974 3931 ad
1003 3866 1090 3931 baec
1105 3874 1196 3928 tanta

148 3963 275 4029 indicia
302 3960 442 4048 perveni
524 3981 578 4023 am
601 3982 681 4027 vero
710 3961 786 4049 [illa
818 3962 1048 4052 Allobrogum
1073 3961 1193 4030 sollici·

447 3959 520 4094 ql

1270 1224 1273 1271 l
