2722 4438
125 271 163 311 1v.
185 257 240 328 ια]
351 255 518 345 Antony’s
546 221 716 323 Crualtz'ei
739 267 777 324 at
799 257 947 324 Parma.
1110 278 1175 349 239

124 458 267 532 vicinos,
286 468 344 522 aut
365 456 639 522 adulescentulos
655 457 957 524 circumscribunt:
987 457 1059 547 [his
1081 459 1175 526 enim

123 558 211 623 vitiis
236 556 388 621 adfectos
412 567 446 620 et
467 556 593 620 talibus
617 558 727 622 malos
752 569 810 623 aut
832 558 1174 644 audacis-appellare

125 656 334 723 consuetudo
358 654 477 743 solet]
526 673 553 720 s.
575 655 712 721 Bellum
736 658 946 743 inexpiabile
962 657 1062 724 infert
1078 670 1173 745 quat·

124 769 198 822 tuor
225 755 422 820 consulibus
451 778 540 822 unus
568 756 720 821 omnium
747 757 917 821 latronum
943 758 1170 825 taeterrimus.

126 856 222 921 Gerit
248 855 339 920 idem
365 855 495 919 bellum
523 877 601 920 cum
630 868 749 919 senatu
775 858 971 943 populoque
997 858 1170 924 Romano.

125 956 568 1040 Omnibus-quamquam
594 955 660 1018 ruit
683 954 756 1039 ipse
781 956 851 1020 suis
877 956 1174 1042 cladibus-pes·

124 1066 204 1129 tem,
222 1053 427 1128 vastitatem,
454 1055 656 1129 cruciatum,
674 1066 841 1119 tormenta
863 1056 1053 1122 denuntiat.
1103 1058 1174 1123 Do-

125 1155 269 1219 labellae
286 1154 396 1217 ferum
414 1163 446 1218 et
461 1153 613 1220 immane
629 1153 775 1229 facinus,
793 1155 885 1240 quod
901 1156 996 1220 nulla
1011 1157 1173 1221 barbaria

124 1264 238 1339 posset
253 1272 455 1341 agnoscere,
473 1253 507 1318 id
525 1275 586 1318 suo
603 1253 745 1319 consilio
762 1253 890 1319 facturn
911 1275 986 1320 esse
1008 1265 1171 1321 testatur:

124 1349 279 1440 quaeque
304 1363 393 1418 esset
416 1352 566 1440 facturus
590 1353 626 1418 in
648 1355 715 1418 hac
737 1355 836 1429 urbe,
850 1354 914 1419 nisi
932 1376 1011 1420 eum
1028 1356 1084 1422 hic
1099 1355 1173 1442 ipse

119 1454 276 1541 Juppiter
301 1454 345 1517 ab
372 1454 439 1518 hoc
465 1454 593 1539 templo
621 1465 722 1539 atque
751 1454 930 1537 moenibus
954 1456 1171 1540 reppulisset,

124 1553 311 1620 declaravit
333 1553 368 1617 in
399 1552 638 1619 Parmensium
670 1553 878 1628 calamitate,
910 1556 1173 1640 quos.optimos

124 1655 214 1720 viros
238 1652 564 1742 honestissimosque
589 1653 757 1730 homines,
780 1652 930 1718 maxime
954 1675 1033 1718 cum
1058 1667 1173 1720 aucto-

123 1756 220 1820 ritate
244 1752 346 1840 hujus
362 1753 491 1820 ordinis
515 1753 702 1840 populique
726 1752 878 1818 Romani
902 1753 1069 1841 dignitate
1092 1776 1173 1820 con-

128 1842 278 1943 junctos,
306 1853 550 1920 crudelissimis
576 1853 744 1938 exemplis
771 1853 941 1918 interemit
967 1855 1172 1941 propudium

123 1955 207 2019 illud
235 1965 268 2018 et
295 1963 500 2038 portentum,
519 1953 561 2019 L.
586 1952 772 2028 Antonius,
798 1952 935 2040 insigne
959 1953 1075 2018 odium
1101 1976 1174 2019 orn·

122 2055 219 2118 nium
236 2053 413 2119 hominum
429 2055 485 2119 vel
505 2054 552 2143 (si
570 2055 673 2119 etiam
697 2053 731 2119 di
756 2053 901 2119 oderunt
916 2075 1002 2141 quos
1021 2055 1170 2141 oportet)

122 2156 278 2220 deorum.
326 2171 354 2218 o.
377 2154 523 2243 Refugit
544 2155 691 2230 animus,
711 2165 824 2238 patres
850 2154 1046 2239 conscripti,
1065 2176 1173 2242 eaque

122 2255 238 2319 dicere
262 2255 461 2320 reformidat
485 2276 575 2343 quae
602 2254 646 2320 L.
675 2253 847 2321 Antonius
872 2255 907 2320 in
933 2254 1172 2322 Parmensium

122 2353 239 2419 liberis
255 2365 288 2419 et
304 2355 508 2443 conjugibus
525 2354 687 2420 effecerit.
723 2353 823 2440 Qas
840 2355 931 2421 enim
948 2357 1172 2442 turpitudines

122 2453 253 2518 Antoni
270 2454 413 2520 libenter
433 2454 530 2542 [curn
547 2455 734 2544 dedecore]
752 2458 940 2533 subierunt,
955 2459 1094 2524 easdem
1111 2479 1173 2544 per

121 2554 193 2618 vim
209 2554 378 2619 laetantur
394 2555 470 2647 aliis
487 2576 523 2621 se
539 2556 705 2622 intulisse.
737 2555 808 2622 Sed
825 2557 876 2623 vis
893 2559 1091 2625 calamitosa
1108 2570 1170 2635 est,
1244 2612 1247 2617 .

122 2674 228 2739 quam
251 2653 318 2719 illis
341 2655 547 2721 intulerunt:
582 2657 687 2722 libido
712 2656 897 2745 flagitiosa,
914 2680 983 2745 qua
1006 2658 1174 2725 Antonio·

121 2775 199 2817 rum
223 2754 328 2819 oblita
351 2765 403 2820 est
425 2756 505 2820 vita.
555 2756 618 2822 Est
641 2757 745 2845 igitur
768 2747 964 2845 quisquam,
983 2759 1041 2846 qui
1067 2759 1173 2824 hostis

122 2851 300 2938 appellare
311 2876 380 2919 non
392 2856 529 2933 audeat,
540 2879 685 2944 quorum
697 2859 826 2924 scelere
838 2859 1072 2926 crudelitatem
1082 2858 1173 2922 Kar·

120 2954 392 3039 thaginiensium
408 2956 533 3021 victam
551 2980 626 3024 esse
644 2958 809 3024 fateatur?
855 2980 904 3025 1v.
931 2958 1012 3046 Qua
1030 2959 1119 3024 enim
1137 2957 1173 3021 in

119 3053 207 3116 urbe
235 3065 305 3117 tam
332 3054 493 3122 immanis
522 3057 699 3124 Hannibal
726 3071 825 3145 capta
853 3081 957 3147 quam
983 3060 1018 3124 in
1046 3058 1173 3123 Parma

120 3165 278 3237 surrepta
295 3151 489 3222 Antonius?
535 3158 613 3224 Nisi
630 3160 714 3225 forte
732 3161 833 3250 hujus
851 3160 1004 3226 coloniae
1027 3169 1062 3225 et
1085 3169 1174 3224 cete·

119 3274 251 3327 rarum,
271 3253 305 3317 in
322 3277 408 3341 quas
425 3258 545 3324 eodem
564 3270 615 3325 est
631 3260 759 3335 animo,
777 3283 845 3326 nou
863 3272 913 3326 est
930 3259 1034 3325 hostis
1051 3269 1174 3344 putan-

119 3352 198 3417 dus.
233 3370 277 3417 10.
302 3353 340 3420 Si
359 3376 440 3422 vero
455 3358 666 3424 coloniarum
683 3370 717 3425 et
732 3360 995 3444 municipiorum
1012 3359 1085 3424 sine
1102 3358 1172 3423 ulla

120 3453 333 3520 dubitatione
358 3456 463 3523 hostis
487 3469 549 3533 est,
568 3458 651 3546 quid
667 3460 805 3525 tandem
823 3459 925 3546 hujus
949 3458 1093 3524 censetis
1117 3479 1174 3522 ur·

118 3552 186 3628 bis,
215 3575 319 3641 quam
351 3556 409 3621 ille
442 3558 486 3622 ad
517 3558 708 3643 explendas
736 3569 907 3646 egestates
938 3558 1094 3625 latrocini
1120 3556 1172 3622 sui

119 3653 340 3739 concupivit?
379 3676 483 3743 quarn
517 3658 591 3745 jam
630 3658 758 3743 peritus
789 3668 933 3723 metator
964 3670 997 3724 et
1027 3658 1173 3723 callidus

118 3753 336 3839 decempeda
367 3776 430 3821 sua
461 3754 557 3821 Saxa
589 3756 772 3823 diviserat?
818 3758 1079 3832 Recordamini,
1111 3776 1174 3841 per

117 3853 205 3919 deos
237 3854 460 3921 immortalisl
493 3868 605 3941 patres
637 3857 833 3943 conscripti,
859 3858 940 3945 quid
972 3858 1038 3923 hoc
1068 3856 1172 3920 biduo

117 3952 336 4021 timuerimus
360 3976 382 4021 a
410 3956 605 4023 domesticis
634 3958 801 4036 hostibus,
827 3958 1020 4024 rumoribus
1047 3956 1174 4043 impro-
