2760 4448
141 253 163 292 n
177 237 225 307 28]
389 238 459 305 The
481 238 621 306 Return
646 241 695 327 (ff
706 240 889 308 Lucullus·
1120 237 1165 324 67

61 464 66 547 p
135 451 246 525 optare.
294 438 386 503 Nam
402 458 480 504 cum
498 461 535 505 se
552 439 587 505 in
604 462 867 529 regnum'suum
885 442 1080 527 recepisset,
1094 462 1164 509 non

62 556 66 611 t
133 540 182 604 luit
195 561 232 605 eo
249 550 438 615 contentus,
456 541 548 625 quod
565 541 596 605 ei
614 552 748 625 praeter
764 563 861 627 spem
879 543 1062 618 acciderat,
1074 552 1165 607 -ut

62 624 63 639 ¹
130 642 220 715 illam,
232 651 464 725 posteaquam
477 641 595 724 pulsus
608 652 692 715 erat,
704 653 830 706 terram
844 664 1005 728 umquam
1020 642 1165 729 attinge-

129 739 298 815 ret—sed
316 739 555 803 inexercitum
572 752 723 804 nostrum
741 741 871 804 clarum
887 756 987 827 atque
1001 742 1163 805 victorem

127 840 272 924 impetum
290 839 384 903 fecit.
433 837 546 949 Si=n=ipg
560 839 626 904 hoc
642 839 731 913 loco,
751 838 918 924 Quirites
937 841 1024 905 sicut
1042 845 1163 926 po'e'tae

62 950 66 965 ⁵
126 941 230 1015 solent,
251 939 311 1026 qui
333 961 388 1004 res
408 939 588 1003 Romanas
612 938 776 1013 scribunt,
798 940 982 1024 praeterire
1007 961 1061 1004 me
1085 961 1164 1005 uos·

124 1051 195 1102 tram
221 1039 468 1113 calamitatem,
492 1058 582 1124 quae
609 1048 703 1102 tanta
731 1038 805 1112 fuit,
832 1050 870 1104 ut
896 1061 974 1105 eam
1002 1040 1047 1105 ad
1071 1038 1164 1104 auris

93 1170 105 1181 a
127 1138 285 1226 [Luculli]
314 1138 531 1223 imperatoris
554 1158 623 1202 nou
646 1159 690 1201 ex
711 1138 842 1222 proelio
863 1139 1015 1216 nuntius,
1036 1139 1096 1205 sed
1118 1159 1164 1205 ex

92 1308 96 1315 ⁴
123 1260 262 1304 sermone
276 1261 397 1303 rumor
409 1236 569 1303 adferret.
608 1251 657 1301 2⁸.
682 1236 751 1302 Hic
764 1238 798 1302 in
812 1238 871 1303 illo
883 1239 959 1325 ipso
974 1242 1067 1304 malo
1082 1260 1164 1328 gra·

122 1339 313 1425 vissimaque
332 1337 414 1402 belli
428 1336 631 1411 offensione,
645 1335 690 1400 L.
706 1335 887 1413 Lucullus,
902 1340 959 1425 qui
973 1351 1087 1404 tamen
1101 1338 1163 1404 ali·

121 1459 175 1523 qua
190 1461 232 1502 ex
250 1455 350 1524 parte
368 1437 418 1503 eis
435 1436 660 1502 incommodis
677 1438 807 1502 mederi
824 1439 967 1504 sortasse
983 1439 1161 1530 PPEQsstr

121 1550 215 1602 uestro
227 1539 329 1626 jussu
348 1549 501 1613 coactus,
513 1537 625 1624 -qui
646 1537 767 1621 imperi
787 1538 996 1605 diuturnitati
1004 1535 1161 1604 ”modum

121 1640 324 1701 statuendum
342 1649 457 1702 vetere
475 1638 634 1721 exemplo
659 1638 849 1722 putavistis,
861 1651 1048 1722 -partem
1076 1639 1163 1702 mili·

121 1749 189 1812 tum,
209 1738 267 1824 qui
288 1738 366 1825 jam
388 1736 564 1821 stipendiis
581 1737 727 1801 confecti
744 1748 853 1811 erant,
872 1736 1011 1811 dimisit,
1031 1750 1161 1822 partem
1180 1730 1210 1807 l'
1295 1742 1299 1751 '

91 1830 106 1915 f
121 1834 169 1899 Μ’.
186 1836 371 1902 Glabrioni
389 1836 538 1901 tradidit.
588 1835 701 1900 Multa
717 1848 894 1922 praetereo
914 1838 1082 1913 consulto,
1100 1840 1162 1904 sed
1180 1844 1184 1851 '

90 2012 93 2022 Ι
122 1956 153 1998 ea
166 1959 221 2002 vos
237 1937 439 2025 conjectura
457 1935 650 2021 perspicite,
666 1947 831 2022 quantum
847 1936 933 2001 illud
949 1937 1076 2002 bellum
1089 1938 1163 2004 sac·

120 2046 177 2100 tum
192 2038 331 2123 putetis,
352 2038 444 2122 quod
461 2036 675 2125 conjungant
691 2057 791 2123 reges
808 2036 1044 2121 potentissimi,
1062 2060 1162 2104 reno·

121 2149 185 2201 veut
199 2106 354 2225 agit-:atae
367 2137 536 2211 nationes,
555 2135 742 2221 suscipiant
758 2135 913 2224 integrae
929 2150 1063 2225 gentes,
1077 2160 1162 2205 nov-

118 2254 148 2299 us
163 2236 349 2322 imperator
365 2247 479 2301 noster
496 2236 569 2300 acci
597 2235 655 2310 iat,
673 2249 786 2300 vetere
803 2237 954 2302 exercitu
971 2240 1083 2323 pulso.
1194 2314 1198 2323 .

152 2354 184 2400 x.
207 2354 252 2401 ar.
276 2335 377 2402 Satis
405 2258 755 2399 mihiffiverba
784 2335 906 2402 fecisse
932 2338 1065 2412 videor,
1091 2357 1160 2425 qua

118 2455 145 2498 re
167 2449 253 2503 esset
281 2438 356 2500 hoc
381 2435 511 2500 bellum
540 2456 668 2522 genere
693 2435 768 2521 ipso
793 2437 1038 2512 necessarium,
1062 2459 1161 2525 mag-

119 2535 251 2602 nitudine
285 2535 535 2622 periculosum.
585 2535 706 2600 Restat
736 2546 773 2599 ut
804 2537 847 2601 de
879 2537 1083 2623 imperatore
1115 2537 1160 2602 ad

120 2632 146 2698 id
176 2638 306 2702 bellum
349 2635 534 2722 deligendo
574 2656 615 2699 ac
653 2634 755 2701 tantis
794 2638 895 2702 rebus
926 2637 1160 2723 praeficiendo
1190 2698 1194 2705 .

61 2752 62 2755 ’
121 2726 286 2802 dicendum
314 2756 391 2801 esse
415 2736 583 2799 videatur.

152 2834 304 2912 Utinam,
331 2803 676 2921 Qiriffrnrorum
704 2833 840 2900 sortium
868 2847 968 2923 atque
997 2836 1161 2903 innocen·

122 2932 186 3000 tium
209 2938 350 3023 copiam
372 2947 502 3000 tantam
520 2935 703 3018 haberetis,
722 2946 759 3000 ut
776 2937 863 3001 haec
878 2937 975 3002 vobis
991 2930 1316 3031 delibera-,Lim

119 3032 153 3098 tio
166 3036 315 3102 difficilis
331 3046 433 3110 esset,
448 3023 864 3122 quemnam‘potissimum
881 3037 982 3103 tantis
999 3026 1101 3104 relius
1117 3060 1159 3103 ac

120 3139 196 3201 lanto
207 3138 301 3202 bello
314 3135 584 3221 praeficiendum
597 3137 761 3231 pQretjs
775 3136 782 3200 l
815 3138 920 3202 Nunc
933 3159 1069 3202 vero-
1080 3160 1157 3202 cum

120 3231 152 3296 sit
165 3256 249 3302 unus
266 3236 335 3302 Cn.
351 3233 550 3319 Pompeius,
565 3235 829 3322 qui'ir'dffi'nodo
846 3257 963 3300 eorum
982 3236 1159 3302 hominum

121 3333 165 3415 qui
187 3357 277 3401 nunc
301 3346 380 3401 sunt
403 3335 563 3423 gloriam,
583 3335 645 3401 sed
669 3336 772 3400 etiam
798 3335 1005 3420 antiquitatis
1030 3358 1159 3402 memo·

121 3430 191 3498 riam
213 3438 335 3501 virtute
360 3436 531 3527 superarit
539 3457 681 3521 -quae
704 3457 759 3499 res
781 3447 831 3511 est
850 3457 938 3520 quae
956 3436 1158 3528 c-ujusgu-am

123 3532 257 3600 animum
274 3537 308 3600 in
326 3536 515 3600 hac'c'aus‘a
532 3532 673 3599 dubium
699 3535 813 3599 facere
838 3533 964 3627 possit?
978 3530 1055 3598 ‘'2''8.
1074 3534 1156 3622 Ego
1194 3588 1199 3599 ,

123 3632 198 3697 enim
214 3637 263 3701 sic
279 3637 450 3707 existimo,
468 3635 502 3699 in
528 3657 662 3698 summo
687 3630 1070 3720 imperatoffi'fp'uattuor
1094 3636 1157 3699 has
1192 3674 1201 3691 ι

124 3747 167 3795 res
180 3733 287 3816 inesse
303 3747 472 3821 oportere,
485 3735 718 3799 -scientinm
735 3734 783 3798 rei
801 3735 966 3808 militaris,
985 3735 1154 3806 virtutem,

60 3888 61 3899 ,
125 3804 352 3911 atiddirli‘tem,
385 3834 595 3899 felicitatem.
661 3830 750 3917 Quis
785 3833 889 3920 igitur
921 3831 1156 3931 lellss

60 3944 61 3951 ’
125 3929 265 4000 scientior
279 3955 443 4021 umquam
461 3944 520 3998 aut
535 3932 597 3997 fuit
613 3943 672 3997 aut
688 3953 763 3997 esse
780 3928 919 3997 debuit?
938 3910 1164 4018 'q'fiisslftdo
