2722 4438
184 217 250 303 176
541 216 698 304 Desence
720 219 769 306 of
784 219 887 286 Milo.
904 248 908 253 ·
1113 217 1212 288 [an
1320 160 1321 183 Χ

184 417 315 485 absolvi
346 438 425 484 eum
456 416 515 505 qui
545 416 718 495 fateretur,
748 440 826 485 curn
857 420 991 487 videret
1023 442 1085 487 nos
1119 419 1215 496 fateri,

183 539 294 604 neque
318 517 437 605 quaeri
460 539 624 604 umquam
644 518 812 607 jussisset,
830 541 896 586 nec
922 520 1024 586 vobis
1050 531 1118 584 tam
1140 520 1219 584 hanc

184 619 368 684 salutarem
399 619 434 682 in
462 617 649 706 judicando
676 618 820 685 litteram
849 641 955 707 quam
984 619 1080 701 illam
1106 619 1221 709 tristem

183 718 344 784 dedisset.
393 716 484 782 Mihi
510 739 592 782 vero
619 717 686 783 Cn.
711 717 896 805 Pompeius
919 741 993 786 non
1022 719 1123 803 mpdo
1149 718 1222 783 nihil

183 817 324 906 gravius
347 827 465 885 contra
484 815 652 885 Milonem
672 817 859 904 judicasse,
878 820 940 886 sed
958 818 1065 884 etiam
1081 817 1223 882 statuisse
1321 812 1322 829 ³

183 918 317 983 videtur
332 917 414 1003 quid
429 938 491 983 vos
506 915 541 981 in
554 916 743 1005 judicando
759 930 913 1004 spectare
923 929 1110 1005 oporteret.
1143 915 1225 981 Nam

184 1017 242 1103 qui
258 1038 327 1082 non
344 1036 492 1101 poenam
508 1016 726 1092 confessioni,
746 1019 806 1083 sed
822 1018 1063 1085 defensionem
1087 1016 1187 1091 dedit,
1202 1016 1227 1080 is

185 1136 325 1181 causam
349 1116 503 1181 interitus
530 1117 776 1201 quaerendam,
795 1140 861 1183 non
890 1118 1070 1185 interitum
1098 1114 1226 1202 putavit.

184 1231 226 1279 lu.
246 1215 324 1301 Jam
342 1214 427 1279 illud
444 1214 517 1299 ipse
534 1215 623 1280 dicet
638 1216 802 1300 profecto,
816 1218 907 1302 quod
925 1239 989 1283 sua
1008 1228 1132 1303 sponte
1147 1213 1227 1289 fecit,

70 1374 91 1399 .,
185 1313 352 1380 Publione
365 1313 490 1381 Clodio
505 1314 721 1381 tribuendum
739 1316 864 1401 putarit
880 1338 925 1382 an
941 1315 1106 1403 tempori.

229 1433 294 1479 vtt.
321 1413 426 1481 Domi
457 1435 539 1480 suae
560 1414 802 1493 „nobilissimus
832 1416 897 1493 vir,
923 1429 1068 1483 senatus
1093 1433 1232 1501 propug-

185 1526 295 1591 nator,
321 1525 423 1602 atque
447 1513 514 1579 illis
536 1514 675 1601 quidem
700 1515 908 1600 temporibus
930 1538 1046 1602 paene
1063 1527 1229 1602 patronus,

187 1716 254 1793 nis,
270 1705 425 1781 tribunus
448 1713 558 1801 plebis
582 1712 635 1778 M.
654 1714 789 1791 Drusus
811 1716 946 1782 occisus
968 1730 1033 1783 est.
1085 1713 1183 1781 Nihil
1198 1711 1232 1777 de

187 1818 261 1907 ejus
277 1827 384 1884 morte
400 1816 548 1902 populus
564 1816 751 1892 consultus,
769 1817 864 1881 nulla
883 1818 1041 1905 quaestio
1062 1818 1199 1884 decreta
1216 1831 1232 1874 a

188 1930 307 1984 senatu
324 1928 385 1983 est.
428 1915 605 2002 Quantum
622 1917 749 1983 luctum
767 1916 801 1982 in
819 1918 885 1983 hac
901 1920 984 1985 urbe
1001 1920 1113 1984 fuisse
1129 1937 1150 1981 a
1166 1933 1232 1979 nos·

186 2018 246 2083 tris
268 2018 420 2103 patribus
444 2017 653 2102 accepimus,
672 2038 751 2082 cum
779 2016 820 2082 P.
846 2017 1014 2085 Africano
1039 2017 1136 2086 domi
1161 2020 1244 2081 suae·

186 2117 375 2205 quiescenti
402 2117 462 2181 illa
488 2127 654 2181 nocturna
682 2116 733 2182 vis
752 2128 851 2184 esset
876 2118 1004 2184 inlata?
1053 2119 1146 2204 Qis
1171 2126 1232 2179 tum

186 2239 256 2284 non
284 2214 435 2305 gemuit?
493 2213 582 2300 Qus
609 2236 678 2281 non
706 2217 789 2283 arsit
815 2218 944 2295 dolore,
969 2241 1076 2306 quem
1106 2220 1235 2283 immor·

187 2319 305 2393 talem,
334 2317 362 2383 si
385 2314 459 2382 fieri
487 2325 614 2401 posset,
640 2338 760 2382 omnes
787 2338 864 2384 esse
889 2332 1067 2405 cuperent,
1093 2319 1168 2407 ejus
1196 2331 1233 2377 ne

186 2417 418 2483 necessariam
434 2416 572 2503 quidem
590 2426 821 2500 exspectatam
840 2439 915 2484 esse
933 2419 1101 2485 mortem}
1147 2415 1233 2481 Num

186 2518 291 2606 igitur
313 2518 385 2582 ulla
407 2515 562 2603 quaestio
585 2516 628 2581 de
646 2515 803 2582 Africani
827 2529 934 2584 morte
958 2520 1027 2585 lata
1051 2517 1129 2587 est?
1152 2524 1233 2581 certe

188 2618 294 2683 nulla.
348 2629 389 2677 lt.
413 2615 509 2702 Qrid
531 2614 600 2683 ita?
632 2616 712 2702 quia
736 2638 804 2683 non
827 2618 893 2684 alio
909 2618 1061 2685 facinore
1079 2617 1165 2687 clari
1182 2617 1234 2679 ho·

188 2719 309 2793 mines,
325 2718 393 2783 alio
404 2716 540 2783 obscuri
557 2727 733 2781 necantur.
768 2715 903 2783 Intersit
918 2718 1005 2785 inter
1020 2721 1112 2785 vitae
1129 2711 1233 2804 digni·

187 2829 290 2884 tatem
303 2837 515 2882 summorum
528 2825 629 2903 atque
642 2815 836 2880 infimorum
849 2840 857 2878 t
878 2840 969 2883 mors
981 2819 1124 2906 quidem
1135 2818 1234 2883 inlata

188 2940 249 3004 per
268 2918 380 2984 scelus
401 2916 510 2982 isdem
531 2924 563 2980 et
585 2914 707 3000 poenis
730 2925 885 2981 teneatur
908 2927 941 2982 et
964 2919 1113 3006 legibus.
1161 2909 1233 2981 Nisi

188 3019 271 3084 sorte
296 3016 408 3104 magis
432 3015 495 3080 erit
519 3014 701 3100 parricida,
727 3014 755 3080 si
780 3015 838 3101 qui
864 3019 1081 3084 consularem
1106 3028 1234 3105 patrem

187 3139 292 3206 quam
313 3117 342 3183 si
363 3116 440 3203 quis
463 3115 628 3179 humilem
653 3114 802 3181 necarit:
831 3127 889 3181 aut
912 3137 954 3182 eo
978 3140 1069 3184 mors
1093 3114 1233 3186 atrocior

188 3217 251 3281 erit
265 3217 306 3280 P.
326 3216 440 3291 Clodi,
458 3215 549 3302 quod
567 3213 595 3279 is
611 3213 645 3278 in
663 3215 892 3282 monumentis
908 3218 1075 3306 majorum
1098 3233 1232 3285 suorum
1319 3248 1320 3305 3

188 3316 231 3379 sit
253 3314 581 3381 interfectus-hoc
604 3312 696 3377 enim
719 3315 762 3380 ab
784 3315 855 3380 istis
872 3335 976 3402 saepe
992 3317 1136 3393 dicitur;
1161 3334 1231 3403 pro·

187 3414 267 3478 inde
284 3414 381 3498 quasi
394 3413 529 3500 Appius
545 3413 601 3478 ille
618 3412 754 3479 Caecus
767 3415 860 3480 viam
877 3415 1070 3493 muniverit,
1084 3440 1153 3484 non
1170 3431 1231 3502 qua

188 3513 335 3599 populus
359 3523 521 3589 uteretur,
539 3514 600 3580 sed
624 3512 681 3578 ubi
706 3512 846 3599 impune
870 3515 922 3581 sui
950 3517 1076 3602 posteri
1103 3512 1230 3583 latroci-

188 3610 371 3678 narenturl
689 3691 696 3699 '
989 3648 992 3652 -

231 3731 273 3779 ts.
297 3711 416 3797 Itaque
444 3710 479 3776 in
507 3713 627 3778 eadem
654 3712 718 3779 ista
735 3711 850 3799 Appia
877 3715 933 3781 via
958 3737 1037 3781 curn
1064 3711 1229 3783 ornatissi-

188 3834 282 3878 mum
326 3811 473 3897 equitem
503 3811 702 3877 Romanum
733 3812 773 3877 P.
804 3813 948 3881 Clodius
979 3815 1032 3880 M.
1060 3816 1229 3902 Papirium

188 3911 381 3985 occidisset,
410 3931 479 3974 non
510 3910 572 3975 fuit
602 3911 687 3976 illud
718 3912 851 3995 facinus
878 3915 1104 3999 puniendum,
1133 3917 1228 3984 homo
