2572 4442
372 50 425 105 ,u
459 76 490 151 ι
573 32 608 77 r,
642 8 767 83 murti
1022 28 1132 229 qq-

74 231 95 271 v·
111 214 157 284 Π]
215 212 281 281 All
299 212 509 280 Scoundrels
532 214 667 303 throng
686 223 720 281 to
732 216 816 304 joir
839 215 923 282 him.
1029 237 1089 283 11

107 438 133 483 v.
151 431 175 477 a.
196 413 311 502 Atque
326 425 363 479 ut
379 415 453 504 ejus
469 414 605 481 diversa
621 416 732 482 studia
746 416 780 481 in
793 416 949 483 dissimili
962 418 1092 486 ratione

74 517 231 606 perspicere
248 515 398 601 possitis,
416 537 517 580 nemo
534 528 585 580 est
600 515 635 579 in
655 516 736 581 ludo
760 516 964 604 gladiatorio
988 520 1091 604 paulo

70 620 103 683 ad
113 617 230 681 facinus
247 615 423 690 audacior,
441 615 498 702 qui
515 635 552 679 se
569 637 638 679 non
662 615 818 726 iQW
831 615 1001 683 Catilinae
1016 639 1091 683 esse

63 717 200 789 fateatur3
226 736 329 779 nemo
345 714 381 778 in
399 735 524 779 scaena
541 714 648 779 levior
664 726 756 780 etue
806 715 869 805 iqr,
886 721 945 803 qui
962 738 999 783 se
1023 739 1091 782 non

66 817 85 905 ej
137 837 187 881 em
199 836 309 900 prope
319 814 472 879 sodalem
483 814 588 879 fuisse
598 736 854 880 comme‘niiu'net.
877 814 1091 902 Atqueidem

1 933 3 940 '
62 927 162 991 brnen,
179 927 378 999 stuprorum
401 924 435 978 et
457 915 626 979 scelerum
650 915 893 980 exercitatione
913 915 1093 980 adsuefac-

57 1026 107 1090 tus,
123 1015 248 1103 frigore
266 1025 300 1079 et
315 1013 407 1078 fame
423 1013 525 1132 otgit-i
546 1024 580 1079 et
602 1013 729 1102 vigiliis
753 1015 979 1100 perferendis,
997 1015 1092 1081 fortis

56 1115 91 1181 ab
108 1114 175 1181 istis
198 1113 477 1200 praedicabatur,
500 1134 580 1178 cum
603 1113 790 1179 industriae
814 1115 966 1181 subsidia
991 1125 1092 1203 atque

55 1213 261 1285 instrumenta
273 1213 405 1281 virtutis
421 1213 456 1277 in
473 1213 613 1279 libidine
630 1214 844 1301 audaciaque
860 1228 1089 1281 consumeret.

54 1330 86 1379 lu.
106 1312 206 1379 Hunc
230 1335 314 1378 vero
338 1313 366 1378 si
391 1312 498 1378 secuti
521 1324 621 1379 erunt
643 1314 696 1379 sui
720 1316 873 1390 comites,
892 1315 919 1379 si
941 1336 987 1380 ex
1007 1316 1092 1380 urbe

54 1414 177 1478 exierint
189 1414 457 1498 desperatorum.
466 1413 641 1479 hominum
656 1413 817 1502 flagitiosi
830 1435 969 1503 greges,
984 1414 1017 1480 Ο
1030 1436 1092 1480 nos

53 1513 171 1579 beatos!
208 1512 241 1579 O
265 1535 337 1578 rem
362 1512 536 1598 publicam
562 1513 788 1579 fortunataml
821 1514 853 1579 O
877 1515 1092 1600 praeclaram

1 1619 2 1676 l
54 1615 173 1680 laudem
188 1615 387 1680 consulatus
400 1612 488 1678 mei!
515 1590 605 1697 (Non
618 1615 709 1680 enim
723 1615 797 1703 jam
813 1627 890 1679 sunt
903 1614 1093 1679 mediocres

1 1723 2 1748 ¹
54 1704 216 1780 hominum
241 1713 412 1789 libidines,
430 1735 499 1778 non
524 1713 697 1779 humanae
715 1735 756 1779 ac
772 1715 970 1779 tolerandae
987 1714 1093 1778 auda·

1 1895 2 1918 Χ
56 1814 113 1881 ciac
123 1814 147 1926 )
166 1814 256 1880 nihil
289 1814 440 1900 cogitant
466 1812 532 1878 nisi
558 1814 714 1889 caedem,
739 1813 804 1879 nisi
829 1814 1002 1890 incendia,
1028 1813 1092 1878 nisi

55 1915 190 2000 tapinas.
238 1913 453 1979 Patrimonia'
476 1934 538 1978 sua
569 1913 805 1998 profuderunt,
830 1914 983 1980 fortunas
1014 1935 1094 1979 suas

1 2021 2 2104 ξ
55 2016 298 2103 obligaverunt:
322 2035 377 2079 res
394 2034 452 2078 eos
465 2013 538 2101 jam
555 2014 700 2099 pridem,
719 2015 741 2078 fi
768 2036 805 2080 es
821 2035 930 2101 nuper
946 2015 1093 2080 deficere

0 2183 1 2192 χ
56 2115 170 2200 coepit:
204 2086 469 2188 cademftamen
497 2114 569 2188 illa,
588 2134 678 2201 quae
705 2114 840 2180 eratin
868 2115 1092 2191 abundantia,

0 2233 1 2236 ’
56 2214 143 2321 libido
156 2192 344 2302 permanet‘.
385 2213 489 2298 Quod
506 2214 534 2279 si
551 2214 586 2279 in
602 2215 682 2279 vino
699 2226 732 2280 et
747 2216 824 2281 alea
836 2216 1095 2282 comissationes

57 2318 149 2385 selum
173 2328 206 2383 et
230 2329 341 2382 scorta
365 2327 581 2409 qffissifb
600 2328 714 2409 Q
738 2317 785 2380 illi
810 2318 949 2404 quidem
973 2319 1096 2403 despe-

58 2420 151 2496 randi,
171 2420 234 2484 sed
257 2429 373 2483 tamen
397 2428 512 2483 essent
534 2417 685 2483 serendi:
718 2418 785 2483 hoc
805 2440 887 2484 vero
908 2418 984 2505 quis
1006 2417 1094 2481 ferre

0 2537 1 2544 ¹
93 2521 158 2596 rsit,
176 2519 295 2584 inertis
312 2517 469 2582 homines
487 2517 676 2584 fortissimis
692 2518 773 2583 viris
789 2518 956 2605 insidiari,
971 2518 1095 2582 stultis·

61 2617 144 2686 simos
160 2608 447 2706 prudentissimis,
466 2618 618 2682 ebriosos
634 2618 768 2691 sobriis,
787 2618 984 2684 dormientis
1008 2618 1095 2706 vigi·

63 2716 211 2786 lantibus?
241 2720 300 2806 qui
324 2718 407 2782 m'hi
433 2717 641 2782 accubantes
664 2717 698 2779 in
723 2718 901 2792 conviviis,
923 2717 1094 2803 complexi

65 2821 200 2886 mulieres
221 2741 426 2904 impudifas,
444 2817 524 2881 vino
544 2815 714 2904 languidi,
732 2817 873 2882 conferti
890 2818 978 2893 cibo,
997 2818 1095 2883 sertis

3 2944 9 3021 ,¹
67 2921 199 2996 redimiti,
212 2918 397 3006 unguentis
410 2917 517 2992 obliti,
530 2916 693 2981 debilitati
707 2918 844 3003 stupris,
859 2929 1014 2983 eructant
1026 2940 1096 2983 ser·

3 3042 8 3093 l,
65 3021 198 3086 monibus
226 3020 297 3085 suis
321 3018 463 3083 caedem
487 3019 653 3083 bonorum
679 3028 780 3104 atque
803 3019 896 3084 urbis
921 3018 1091 3083 incendia.

2 3112 11 3211 l
60 3132 85 3180 u
103 3121 237 3207 Quibus
268 3140 335 3205 ego
368 3117 503 3233 coqudo
531 3117 730 3203 impendere
754 3117 859 3183 satum
885 3118 1036 3204 aliquod,
1063 3129 1096 3183 et

4 3214 9 3273 l
35 3308 38 3313 y
60 3238 188 3300 poenam
205 3220 278 3309 jam
295 3218 353 3283 diu
370 3217 588 3303 improbitati,
608 3218 791 3305 nequitiae,
810 3218 944 3291 sceleri,
963 3218 1095 3283 libidini

59 3316 190 3385 debitam
205 3331 262 3383 aut
274 3318 400 3383 instare
413 3318 486 3406 jam
499 3318 614 3402 plane,
630 3330 687 3382 aut
700 3329 790 3382 certe
804 3316 1092 3403 appropinquare.

27 3374 141 3502 ilsQtos
156 3420 184 3485 si
204 3440 300 3483 meus
317 3418 526 3499 consulatus,
544 3417 707 3503 quoniam
732 3436 855 3482 sanare
879 3439 947 3481 non
972 3430 1093 3502 potest,

32 3504 47 3587 ζ
59 3519 224 3593 sustulerit,
238 3512 423 3582 nonbreve
434 3517 549 3582 nescio
562 3517 652 3603 quod
665 3528 812 3600 tempus,
827 3517 888 3582 sed
903 3519 1007 3582 multa
1021 3540 1094 3582 sae-

3 3612 122 3717 ..tecla
144 3640 205 3704 pro
232 3617 343 3705 agarit
366 3616 414 3680 rei
439 3616 611 3703 publicae.
670 3615 778 3680 Nulla
802 3627 853 3681 est
880 3617 971 3681 enim
1004 3617 1095 3682 natio

29 3718 44 3813 ,J
58 3734 146 3800 quam
159 3732 452 3824 pefflqqfflmus
467 3717 581 3780 nullus
594 3736 655 3780 rex
668 3715 726 3802 qui
739 3716 866 3780 bellum
881 3717 1006 3802 populo
1024 3717 1095 3782 Ro·

22 3794 146 3883 lmano
162 3818 276 3882 facere
293 3816 409 3911 possit.
452 3815 586 3880 Omnia
603 3827 681 3879 sunt
697 3826 838 3881 externa
854 3816 955 3905 Qut-s
973 3815 1096 3880 virtute

58 3920 135 3983 terra
150 3917 304 4004 marique
320 3926 464 4019 pacata:
489 3914 714 3980 domesticum
734 3916 862 3981 bellum
886 3924 1020 3988 manet3
1044 3914 1097 3989 inf

1162 118 1169 139 r

1102 160 1233 224 mimia
1270 172 1280 187 ⁶
