2760 4448
145 215 306 285 nav-129]
379 215 517 303 Illcgal
537 215 622 282 Sale
644 217 691 302 ff
708 217 764 282 the
786 216 940 283 Estotes.
1148 230 1188 301 15

139 418 262 505 scripti
278 425 492 503 sunt-quo
514 416 550 480 in
570 438 711 481 numero
728 416 813 482 Sex.
833 416 983 482 Roscius
999 438 1068 482 non
1086 427 1191 483 est-

138 527 332 582 aureorum
350 517 466 602 quiin
482 516 768 580 adversariorum
779 517 971 603 praesidiis
988 520 1089 582 occisi
1099 527 1189 583 sunt.

135 618 227 682 Dum
248 615 424 701 praesidia
446 615 517 679 ulla
533 615 681 690 suerunt,
698 616 734 679 in
759 615 879 681 Sullae
904 618 1083 702 praesidiis
1108 618 1188 693 luit3

134 727 253 802 postea
286 735 393 801 quam
425 716 469 780 ab
494 716 599 780 armis
622 736 795 780 recessum
820 728 883 789 est,
906 717 940 781 in
965 740 1098 784 summo
1122 719 1189 784 otio

134 817 272 881 rediens
290 836 311 879 a
324 835 412 879 cena
429 814 565 880 Romae
578 815 711 880 occisus
728 826 791 880 est.
840 815 879 881 Si
896 818 987 905 lege,
1000 819 1091 883 bona
1107 840 1191 905 quo·

133 938 200 1002 que
233 916 315 1002 lege
340 914 478 979 venisse
511 915 619 979 fateor
629 936 638 990 3
672 915 724 980 sin
758 927 872 981 autem
903 928 1048 992 constat,
1074 928 1191 982 contra

133 1015 248 1081 omnis
281 1036 352 1080 non
384 1014 487 1078 modo
511 1025 644 1080 veteres
676 1015 773 1101 leges
798 1037 916 1082 verum
949 1018 1051 1083 etiarn
1084 1038 1191 1083 novas

134 1115 292 1180 occisum
316 1135 406 1190 esse,
431 1115 522 1180 bona
546 1136 614 1200 quo
635 1113 712 1202 jure
736 1127 795 1181 aut
817 1138 885 1204 quo
909 1138 1003 1183 more
1035 1129 1093 1183 aut
1122 1138 1192 1206 qua

135 1217 215 1302 lege
239 1213 409 1278 venierint
432 1235 572 1300 quaero.

180 1334 287 1379 κων.
313 1331 360 1378 ae.
384 1313 425 1378 In
442 1335 544 1400 quem
562 1314 629 1379 hoc
647 1314 760 1381 dicam
778 1316 928 1403 quaeris,
946 1316 1072 1383 Eruci?
1110 1316 1192 1382 Non

136 1414 171 1479 in
189 1436 272 1478 eum
288 1435 394 1500 quern
410 1413 462 1477 vis
480 1423 513 1477 et
530 1425 650 1498 putas3
676 1436 757 1480 nam
775 1416 909 1482 Sullam
928 1428 962 1482 et
984 1418 1091 1483 oratio
1115 1436 1192 1481 mea

139 1516 182 1581 ab
199 1513 297 1579 initio
310 1523 344 1579 et
359 1511 468 1598 ipsius
483 1512 611 1577 eximia
624 1514 729 1581 virtus
741 1516 834 1581 omni
850 1527 1002 1602 tempore
1019 1517 1191 1604 purgavit.

139 1615 218 1703 Ego
243 1615 333 1678 haec
357 1611 473 1678 omnia
493 1612 762 1702 Chrysogonum
779 1616 900 1681 fecisse
917 1617 1007 1689 dico,
1026 1629 1062 1680 ut
1079 1634 1195 1680 emen·

140 1718 273 1791 fitetur,
297 1724 335 1778 ut
363 1714 492 1777 malum
520 1713 630 1779 civem
655 1715 822 1780 Roscium
846 1715 951 1781 fuisse
975 1717 1133 1803 fingeret,
1158 1725 1195 1781 ut

142 1840 220 1884 eum
246 1816 341 1900 apud
363 1814 576 1879 adversarios
597 1814 747 1880 occisum
771 1836 846 1880 esse
863 1816 1003 1889 diceret,
1022 1828 1058 1880 ut
1078 1815 1131 1880 his
1151 1816 1194 1881 de

141 1919 244 1983 rebus
270 1937 290 1980 a
316 1915 440 2002 legatis
458 1913 702 1980 Amerinorum
728 1915 841 1980 doceri
859 1915 903 1979 L.
923 1914 1056 1981 Sullam
1073 1937 1195 2000 passus

142 2041 209 2084 non
230 2017 287 2082 sit.
340 2015 500 2102 Denique
523 2015 625 2080 etiarn
650 2015 735 2079 illud
759 2015 926 2100 suspicor,
945 2016 1084 2080 omnino
1109 2017 1196 2081 haec

141 2121 232 2185 bona
250 2139 321 2182 non
338 2117 496 2181 venisse:
521 2115 555 2181 id
572 2116 663 2202 quod
679 2126 812 2201 postea,
831 2115 859 2180 si
876 2136 937 2200 per
953 2137 1026 2190 vos,
1046 2116 1193 2204 judices,

142 2219 274 2284 licitum
291 2217 367 2293 erit,
388 2216 570 2301 aperietur.

187 2335 234 2383 ao.
259 2318 395 2403 Opinor
419 2316 511 2382 enim
536 2336 611 2381 esse
634 2313 669 2380 in
693 2315 785 2402 lege,
806 2336 910 2402 quam
936 2316 979 2381 ad
1003 2315 1093 2380 diem
1119 2337 1197 2400 pro-

145 2419 347 2506 scriptiones
363 2416 645 2501 venditionesque
662 2415 765 2479 fiant:
795 2414 990 2503 [nimirum]
1014 2414 1196 2480 Kalendas

149 2519 294 2609 Junz'as.
344 2516 488 2604 Aliquot
510 2527 587 2601 post
610 2516 737 2580 mensis
762 2526 794 2580 et
815 2516 916 2580 homo
933 2516 1066 2580 occisus
1083 2526 1145 2590 est,
1164 2525 1197 2580 et

144 2622 236 2687 bona
263 2619 403 2685 venisse
432 2618 602 2683 dicuntur.
653 2614 810 2680 Profecto
839 2626 896 2679 aut
924 2616 1010 2680 haec
1038 2616 1129 2680 bona
1161 2615 1196 2679 in

43 2722 55 2745 “
146 2722 281 2787 tabulas
305 2719 463 2806 publicas
483 2718 579 2782 nulla
599 2715 786 2789 redierunt,
804 2735 934 2800 nosque
952 2715 995 2779 ab
1012 2714 1074 2779 isto
1091 2716 1197 2779 nebu·

147 2823 223 2889 lone
248 2821 394 2887 facetius
419 2819 589 2886 eludimur
613 2806 717 2903 quam
738 2825 917 2899 putamus;
952 2825 1020 2888 aut,
1040 2814 1068 2879 si
1089 2814 1197 2878 redie-

147 2935 236 3000 runt,
254 2923 395 2988 tabulae
415 2920 574 3007 publicae
600 2926 782 3009 corruptae
806 2915 921 3001 aliqua
944 2913 1074 2979 ratione
1098 2924 1196 2977 sunt:

146 3046 228 3089 nam
255 3025 337 3115 lege
362 3023 500 3110 quidem
525 3022 618 3087 bona
642 3017 760 3083 venire
784 3036 853 3079 nou
878 3014 1027 3100 potuisse
1052 3022 1195 3078 constat.

121 3158 124 3162 ·
147 3125 318 3211 Intellego
342 3144 398 3188 me
423 3134 500 3187 ante
524 3110 674 3206 tenipus,
696 3116 844 3206 judicem
870 3115 958 3187 haec
985 3113 1139 3189 scrutari,
1166 3123 1199 3178 et

146 3246 254 3311 prope
273 3224 413 3288 modum
430 3243 556 3296 errare,
571 3221 642 3307 qui,
659 3241 736 3285 cum
756 3215 859 3302 capiti
876 3212 960 3279 Sex.
979 3213 1087 3278 Rosci
1104 3213 1199 3278 med-

146 3326 195 3390 eri
209 3324 370 3396 debeam,
386 3321 562 3386 reduviam
576 3341 705 3385 curem.
737 3317 818 3383 Non
832 3314 923 3380 enim
941 3313 1073 3378 laborat
1085 3313 1127 3378 de
1141 3334 1200 3398 pe·

144 3425 272 3496 'cunia3
304 3443 374 3487 non
398 3421 501 3485 ullius
517 3420 684 3485 rationem
701 3418 753 3483 sui
771 3414 943 3482 commodi
961 3413 1053 3478 ducit
1063 3435 1072 3488 3
1098 3412 1199 3478 facile

147 3533 339 3612 egestatem
364 3541 462 3584 suam
487 3541 524 3584 se
546 3520 693 3583 laturum
711 3527 818 3602 putat,
838 3516 866 3581 si
884 3516 950 3580 hac
967 3512 1110 3601 indigna
1126 3534 1199 3578 sust

148 3623 276 3709 pitione
294 3632 328 3685 et
342 3620 421 3684 ficto
438 3618 578 3684 crimine
595 3617 757 3682 liberatus
774 3617 827 3680 sit.

191 3738 241 3784 40.
263 3719 397 3785 Verum
421 3739 550 3804 quaeso
574 3737 595 3781 a
618 3715 728 3789 vobis,
744 3715 891 3801 judices
915 3724 952 3779 ut
976 3717 1064 3780 haec
1088 3733 1199 3799 pauca

149 3841 239 3907 quae
262 3828 393 3884 restant
416 3818 461 3880 ita
486 3815 644 3891 audiatis,
662 3826 699 3878 ut
722 3815 845 3899 partim
863 3836 918 3878 me
934 3815 1049 3880 dicere
1066 3834 1200 3898 prome

148 3920 225 4007 ipso
253 3918 392 4006 putetis,
419 3917 542 4005 partim
570 3936 632 4000 pro
660 3913 745 3980 Sex.
774 3913 915 3979 Roscio.
977 3912 1079 3998 Quae
1107 3912 1199 3977 enim
