2760 4448
173 280 217 362 38
447 275 709 365 Impaaclrmant
732 276 780 362 of
805 272 942 342 Verres.
1068 275 1182 346 [Vena.
1203 276 1229 329 Ι.

173 491 276 555 tores,
294 476 366 565 qui,
385 477 428 544 C.
446 476 556 543 Verre
578 487 735 562 praetore
751 475 885 541 urbano
901 474 1076 554 sortiente,
1094 476 1232 544 exirent

173 579 209 643 in
233 600 312 643 eum
337 600 447 653 reum,
473 598 578 662 quem'
599 576 774 663 incognita
803 597 908 640 causa
936 577 1230 654 condemnarent3

174 679 266 765 quod
293 677 452 742 inventus
480 679 522 741 sit
548 688 698 750 senator,
721 675 792 761 qui,
818 695 898 740 curn
926 675 1036 763 judex
1063 689 1166 755 esset,
1191 679 1232 743 in

175 779 296 843 eodem
310 777 440 865 judicio
456 788 490 842 et
506 776 549 840 ab
566 797 624 840 reo
637 775 822 859 pecuniam
835 774 1007 859 acciperet
1019 797 1124 861 quam
1137 778 1232 865 judi-

175 879 271 943 cibus
290 878 470 951 divideret,
492 886 525 941 et
547 876 590 939 ab
613 886 826 949 accusatore,
844 885 881 938 ut
901 895 997 938 reum
1020 876 1233 941 condemna·

175 977 247 1044 ret?
286 994 334 1041 40.
349 976 430 1062 Jam
446 997 527 1040 vero
544 975 717 1061 quomodo
730 973 824 1039 illam
842 975 969 1049 labem,
984 974 1228 1062 ignominiam,

176 1078 473 1162 calamitatemque
490 1074 592 1140 totius
609 1074 738 1139 ordinis
762 1072 977 1160 conquerar?
1009 1075 1076 1140 hoc
1100 1075 1231 1140 sactum

176 1199 252 1243 esse
278 1177 315 1241 in
343 1178 410 1240 hac
437 1175 586 1250 civitate,
610 1195 690 1238 cum
718 1173 909 1239 senatorius
936 1175 1025 1239 ordo‘
1044 1174 1229 1263 judicaret,

175 1288 213 1342 ut
235 1276 460 1343 discoloribus
484 1274 594 1363 signis
613 1274 805 1362 juratorum
832 1273 1012 1338 hominum
1040 1275 1232 1339 sententiae

176 1375 395 1442 notarentur?
444 1375 543 1440 Haec
559 1375 676 1440 omnia
693 1396 748 1438 me
765 1373 953 1462 diligenter
967 1395 1155 1461 severeque
1173 1396 1233 1440 ac·

176 1488 289 1542 turum
306 1497 395 1552 esse,
413 1476 589 1561 polliceor.

221 1596 299 1642 xiv.
327 1575 407 1660 Quo
432 1596 487 1640 me
510 1575 648 1640 tandem
679 1574 795 1641 animo
822 1574 895 1639 sore
922 1574 1060 1660 putatis,
1091 1575 1119 1641 si
1147 1575 1231 1662 quid

177 1678 213 1742 in
237 1679 304 1743 hoc
325 1677 401 1762 ipso
421 1675 552 1765 judicio
582 1675 784 1740 intellexero
816 1675 919 1740 simili
951 1676 1067 1762 aliqua
1098 1676 1234 1741 ratione

178 1798 255 1843 esse
284 1778 449 1842 violatum
480 1788 581 1862 atque
613 1773 857 1841 commissum?
896 1796 975 1840 cum
1006 1776 1148 1861 planum
1180 1775 1235 1839 fa·

178 1899 257 1943 cere
288 1877 406 1942 multis
433 1875 748 1961 testibuspossim,
778 1874 821 1940 C.
850 1874 997 1941 Verrem
1028 1874 1064 1939 in
1095 1874 1230 1951 Sicilia,

179 1976 293 2042 multis
320 1976 549 2051 audientibus
576 1995 680 2060 saepe
708 1974 849 2050 dixisse,
878 1985 937 2039 ‘se
965 1976 1093 2041 habere
1121 1975 1233 2039 bomi-

179 2099 259 2143 nem
296 2086 481 2162 potentem,
515 2074 612 2162 cujus
643 2074 771 2139 fiducia
802 2074 1015 2161 provinciam
1047 2076 1231 2161 spoliaret:

181 2197 292 2263 neque
312 2176 375 2241 sibi
396 2176 458 2241 soli
480 2174 662 2263 pecuniam
687 2194 865 2259 quaerere,
892 2175 953 2240 sed
976 2175 1023 2240 ita
1046 2175 1231 2240 triennium

180 2278 264 2343 illud
288 2287 468 2363 praeturae
493 2274 682 2340 Siciliensis
706 2274 920 2340 distributum
944 2277 1084 2352 habere,
1110 2286 1148 2341 ut
1179 2297 1236 2340 se·

181 2399 259 2442 cum
285 2377 463 2462 praeclare
494 2375 552 2463 agi
584 2375 724 2451 diceret,
751 2374 905 2440 sinnius
936 2376 1018 2440 anni
1049 2387 1232 2462 quaestum

180 2478 216 2542 in
236 2499 308 2543 rem
330 2497 429 2541 suam
453 2486 683 2550 converteret;
713 2476 857 2540 alterum
882 2476 1034 2561 patronis
1058 2487 1092 2541 et
1113 2476 1234 2542 desen·

181 2579 313 2643 soribus
337 2577 505 2651 traderet3
533 2575 670 2640 tertium
693 2575 790 2640 illum
814 2576 1025 2641 uberrimum
1049 2588 1234 2663 quaestuo-

181 2677 422 2762 sissimumque
447 2696 574 2740 annum
595 2684 702 2740 totum
723 2674 897 2762 judicibus
916 2676 1131 2741 reservaret.’

225 2784 274 2842 41,
290 2776 344 2840 Ex
361 2797 428 2862 quo
445 2775 528 2839 mihi
549 2774 643 2840 venit
663 2774 698 2838 in
719 2787 868 2840 mentem
885 2775 970 2840 illud
987 2776 1100 2840 dicere
1121 2776 1233 2863 (quod

182 2878 273 2964 apud
297 2876 358 2941 Μ’.
382 2875 605 2941 Glabrionem
630 2895 741 2960 nuper
759 2895 837 2939 cum
857 2875 892 2939 id
909 2875 1094 2940 reiciundis
1107 2876 1234 2964 judici·

180 2980 244 3044 bus
272 2995 610 3049 commemorassem,
637 2974 790 3039 intellexi
817 2976 1039 3040 vehementer
1066 2978 1233 3063 populum

181 3078 379 3143 Romanum
408 3074 653 3160 commoveri),
680 3094 736 3138 me
760 3073 930 3149 arbitrari,
956 3074 1028 3140 sore
1051 3076 1099 3140 uti
1124 3077 1236 3142 natio·

181 3199 242 3243 nes
259 3188 397 3241 exterae
413 3173 546 3261 legatos
564 3173 608 3238 ad
632 3174 798 3258 populum
822 3173 1022 3240 Romanum
1046 3176 1232 3252 mitterent,

180 3287 217 3341 ut
240 3277 298 3341 lex
321 3276 364 3341 de
388 3274 544 3360 pecuniis
566 3273 765 3359 repetundis
784 3273 1022 3361 judiciumque
1043 3276 1231 3341 tolleretur.

182 3375 221 3441 Si
238 3374 329 3440 enim
342 3374 472 3462 judicia
485 3375 580 3439 nulla
593 3374 673 3449 sint,
687 3383 818 3438 tantum
832 3390 1124 3461 unumquemque
1138 3376 1234 3440 abla-

181 3487 295 3541 turum
319 3461 451 3559 putant,
472 3485 639 3560 quantum
663 3472 726 3538 sibi
752 3493 793 3538 ac
817 3473 931 3539 liberis
955 3475 1025 3540 suis
1050 3476 1132 3541 satis
1156 3495 1233 3540 esse

182 3575 385 3641 arbitretur:
414 3593 520 3649 nunc,
537 3574 630 3660 quod
654 3573 728 3662 ejus
750 3573 843 3639 modi
855 3574 986 3662 judicia
1002 3576 1083 3651 sint,
1099 3587 1233 3641 tantum

181 3694 474 3760 unumquemque
494 3674 641 3748 auferre,
659 3685 825 3759 quantum
845 3673 922 3749 sibi,
941 3675 1105 3760 patronis,
1127 3675 1234 3741 advo·

183 3774 280 3849 catis,
301 3773 461 3860 praetori,
481 3772 668 3861 judicibus,
694 3774 776 3838 satis
800 3773 950 3838 futurum
974 3775 1036 3839 sit:
1065 3777 1132 3841 hoc
1155 3798 1234 3862 pro-

183 3876 271 3940 fecto
295 3874 463 3939 infinitum
487 3894 583 3938 esse:
608 3894 646 3945 se
667 3873 860 3938 avarissimi
885 3874 1032 3939 hominis
1056 3875 1233 3960 cupiditati
