2572 4442
213 284 256 355 72
436 270 615 359 Pompey's
637 271 809 361 lllilitary'
834 272 1035 340 Command.
1134 272 1266 345 [MANssn'

211 480 400 536 vestrorum
421 470 525 536 armis
549 472 694 537 hostium
720 472 826 548 urbis,
848 494 894 538 an
917 473 1069 541 hibernis
1095 475 1263 543 sociorum

212 571 364 636 civitates
389 592 465 636 esse
489 571 641 637 deletas?
687 572 810 660 Neque
833 575 924 638 enim
948 587 1057 659 potest
1076 578 1267 661 exerciturm

211 670 241 735 is
258 672 431 736 continere
448 671 644 756 imperator,
663 673 774 759 quise
792 674 865 758 ipse
883 696 950 739 non
972 675 1136 752 continet,
1157 698 1246 763 nequ
1263 670 1267 741 ,Ῐ

212 791 351 836 severus
364 782 452 837 'esse
475 771 511 835 in
531 772 731 858 judicando,
751 774 809 859 qui
827 773 912 838 alios
929 774 963 837 in
980 796 1016 839 se
1034 796 1178 840 severos
1195 698 1268 941 ess}

218 870 352 959 judices
383 893 452 936 non
478 873 559 936 volt.
608 887 655 935 aa.
681 870 750 936 Hic
782 872 944 936 miramur
972 874 1064 938 hunc
1091 875 1235 940 homine
1266 936 1268 955 ,

212 982 343 1037 tantum
367 972 536 1036 excellere
561 971 695 1046 ceteris,
718 971 816 1058 cujus
841 972 996 1059 legiones
1018 973 1126 1038 sicin
1147 973 1237 1039 Asia

212 1071 441 1158 pefflint,
465 1082 501 1135 ut
524 1093 593 1136 non
618 1071 720 1137 modo
744 1092 867 1136 manus
889 1072 973 1137 tanti
996 1074 1186 1148 exercitus,
1212 1096 1247 1137 se

213 1193 256 1236 ne
269 1171 450 1258 vestigium
464 1170 603 1257 quidem
617 1171 777 1258 cuiquam
795 1182 918 1257 pacato
935 1173 1095 1238 nocuisse
1113 1168 1270 1245 dicaturi,

217 1272 297 1357 Jam
324 1292 406 1335 vero
429 1291 532 1357 quem
557 1270 765 1336 admodum
790 1271 914 1336 milites
939 1272 1123 1338 hibernent
1148 1252 1270 1345 cotidid

124 1430 129 1442 ,
213 1392 388 1436 sermones
405 1391 446 1435 ac
462 1372 592 1435 litterae
610 1370 847 1456 perferuntur:
877 1393 946 1436 non
962 1372 1065 1437 modo
1089 1384 1129 1438 ut
1154 1395 1268 1458 sump

212 1482 284 1534 tum
309 1471 411 1535 saciat
426 1471 461 1534 in
477 1467 619 1536 militem
635 1470 765 1536 nemini
781 1470 834 1536 vis
851 1471 1014 1546 adfertur,
1033 1473 1093 1537 sed
1112 1495 1159 1538 ne
1177 1473 1271 1559 cupi·

213 1571 281 1636 enti
305 1571 443 1658 quidem
469 1570 627 1657 cuiquam
652 1570 866 1654 permittitur.
915 1570 1050 1635 Hiemis
1070 1572 1181 1650 enim,
1204 1594 1269 1637 non

215 1671 376 1735 avaritiae
395 1670 591 1758 perfugium
611 1670 759 1756 majores
780 1670 885 1736 nostri
909 1669 945 1734 in
969 1671 1139 1736 sociorum
1169 1683 1272 1760 atque

214 1771 402 1836 amicorum
426 1772 522 1835 tectis
546 1791 622 1835 esse
645 1771 837 1835 voluerunt.

257 1891 334 1934 inv.
361 1887 409 1933 4ο.
432 1870 512 1957 Age
533 1891 636 1935 vero:
661 1870 782 1935 ceteris
799 1869 835 1933 in
851 1871 953 1934 rebus
969 1870 1062 1955 quali
1079 1870 1122 1935 sit
1136 1883 1272 1958 tempe·

212 1969 322 2033 rantia
347 1969 571 2034 considerate.
622 1968 724 2033 Unde
749 1968 843 2031 illam
860 1979 990 2032 tantam
1007 1969 1222 2036 celeritatem
1241 1981 1272 2036 et

213 2078 283 2132 tam
317 2068 553 2132 incredibilem
587 2087 724 2131 cursum
760 2066 936 2130 inventum
975 2068 1122 2151 putatis?
1186 2071 1273 2136 Non

214 2168 304 2231 enim
329 2168 425 2231 illurn
446 2167 572 2230 eximia
589 2166 641 2231 vis
656 2166 829 2252 remigum
846 2178 904 2231 aut
920 2186 975 2232 ars
993 2167 1145 2232 inaudita
1162 2191 1273 2255 quae-

213 2268 292 2332 dam
309 2266 524 2354 gubernandi
541 2277 600 2329 aut
614 2264 706 2329 venti
723 2265 828 2351 aliqui
852 2266 932 2331 novi
957 2278 1026 2331 tam
1052 2268 1210 2355 {efflet
1236 2270 1274 2333 in

212 2367 349 2449 ultimas
372 2377 479 2430 terras
502 2365 734 2449 pertulerunt3
766 2365 827 2430 sed
851 2386 914 2431 eae
938 2388 992 2432 res
1017 2388 1106 2453 quae
1133 2380 1272 2433 ceteros

112 2494 115 2498 ·
194 2465 374 2530 'remorari
391 2466 513 2541 solent,
532 2486 601 2529 non
620 2464 855 2530 retardarunt:
885 2488 954 2531 non
979 2466 1121 2531 avaritia
1147 2467 1190 2530 ab
1216 2466 1271 2530 in-

212 2566 324 2630 stituto
341 2585 443 2630 cursu
461 2564 504 2629 ad
520 2565 685 2649 praedam
700 2563 851 2650 aliquam
864 2565 1056 2641 devocavit,
1072 2587 1140 2630 non
1157 2565 1270 2631 libido

212 2664 255 2729 ad
280 2665 500 2749 voluptatem,
522 2686 591 2729 non
615 2664 804 2729 amoenitas
829 2665 873 2731 ad
898 2664 1171 2739 delectationem,
1196 2687 1269 2730 non

210 2764 368 2829 nobilitas
387 2763 481 2828 urbis
501 2764 546 2829 ad
562 2763 806 2851 cognitionem,
824 2786 894 2830 non
911 2765 1059 2850 denique
1077 2764 1173 2829 labor
1190 2764 1268 2850 ipse

211 2863 255 2928 ad
272 2864 440 2951 quietem;
466 2877 636 2948 postremo
653 2864 753 2950 signa
769 2877 802 2929 et
818 2865 953 2929 tabulas
967 2877 1147 2949 ceteraque
1161 2885 1266 2929 orna-

148 3000 151 3006 ·
210 2977 324 3029 menta
357 2963 569 3028 Graecorum
601 2964 818 3047 oppidorum,
852 2984 941 3047 quae
977 2963 1078 3027 ceteri
1111 2964 1264 3029 tollenda

209 3086 285 3129 esse
302 3064 519 3137 arbitrantur,
538 3083 579 3126 ea
595 3062 659 3126 sibi
675 3062 733 3125 ille
750 3082 794 3126 ne
814 3061 958 3145 visenda
982 3061 1122 3148 quidem
1146 3064 1265 3128 existi-

209 3165 325 3230 mavit.
374 3180 416 3227 41.
440 3164 559 3250 Itaque
578 3183 698 3228 omnes
717 3182 809 3227 nunc
829 3160 864 3225 in
888 3161 938 3226 eis
962 3162 1046 3227 locis
1069 3161 1136 3226 Cn.
1160 3161 1264 3226 Pom-

208 3266 324 3351 peium
349 3265 435 3330 sicut
458 3265 607 3350 aliquem
631 3284 699 3328 non
710 3276 765 3327 ‘ex
782 3263 849 3327 hac
865 3261 949 3326 urbe
967 3262 1121 3336 missum,
1140 3262 1201 3325 sed
1217 3263 1261 3324 de

207 3367 305 3432 caelo
318 3366 497 3452 delapsum
511 3365 695 3430 intuentur.
728 3361 833 3428 Nunc
846 3361 993 3449 denique
1007 3361 1173 3446 incipiunt
1188 3379 1262 3425 cre·

208 3467 290 3533 dere
313 3467 417 3533 fuisse
442 3466 598 3531 homines
614 3464 794 3528 Romanos
812 3463 877 3528 hac
894 3462 1067 3549 quondam
1085 3459 1261 3554 Ἥρῃ-

207 3567 268 3653 tia,
295 3568 386 3655 quod
410 3567 481 3655 jam
510 3564 703 3630 nationibus
731 3561 856 3627 exteris
884 3561 1083 3626 incredibile
1109 3578 1150 3621 ac
1173 3557 1260 3623 falso

208 3667 394 3732 memoriae
426 3665 595 3751 proditum
627 3662 833 3728 videbatur.'
868 3660 973 3725 Nunc
1004 3657 1125 3743 imperi
1158 3658 1258 3723 vestri

208 3768 370 3852 splendor
386 3766 453 3830 illis
469 3764 628 3852 gentibus
644 3763 758 3828 lucem
776 3759 909 3826 adferre
926 3760 1049 3844 coepit.
1090 3756 1194 3822 Nunc
1210 3757 1259 3820 in·
1273 3846 1274 3849 Ἴ

207 3868 374 3953 tellegunt
396 3886 465 3931 non
489 3863 563 3929 sine
587 3883 694 3928 causa
718 3861 865 3948 majores
890 3880 983 3934 suos,
1011 3869 1082 3921 tum
1111 3878 1189 3921 cum
1218 3877 1258 3919 ea

207 3966 432 4054 temperantia
464 3963 682 4052 magistratus
715 3959 942 4035 habebamus,
970 3957 1096 4024 servire
1131 3955 1257 4042 populo
