2722 4438
256 251 321 319 166
508 251 655 318 Cicero's
678 250 786 317 Exile
808 251 883 315 aad
903 250 1055 316 Retura.
1142 247 1277 320 [Sssstws
1300 296 1301 319 2

252 454 310 522 An
339 453 396 541 qui
422 474 484 519 sua
505 463 593 518 tecta
619 450 782 526 defendit,
805 451 862 538 qui
888 452 932 516 ab
955 451 1035 526 aris,
1055 450 1150 526 focis,
1169 451 1282 516 sermm

252 557 498 640 flammamque
522 552 674 637 depellit,
693 551 749 637 qui
771 551 834 616 sibi
859 551 961 615 licere
984 550 1054 615 volt
1075 562 1142 615 tuto
1165 572 1234 615 esse
1255 551 1283 615 in

252 656 338 731 som,
359 656 394 720 in
418 654 558 738 templo,
583 652 618 714 in
644 651 750 724 curia,
771 650 848 737 jure
874 650 1081 735 praesidium
1105 663 1283 734 comparat3

252 756 310 842 qui
326 754 534 827 volneribus
553 771 642 836 quae
660 749 768 813 cernit
784 750 906 814 cotidie
926 761 993 814 toto
1015 770 1168 834 corpore,
1186 771 1284 814 mone-

251 867 306 921 tur
331 866 368 919 ut
392 855 506 940 aliquo
531 849 702 937 praesidio
727 860 830 934 caput
853 860 885 912 et
908 850 1060 913 cervices
1087 860 1120 912 et
1143 848 1284 935 jugulum

253 977 294 1021 ac
315 957 421 1020 latera
442 951 738 1027 tutetur,—hunc
763 950 805 1013 de
829 948 863 1012 vi
888 950 1121 1013 accusandum
1146 947 1256 1033 putas?

297 1072 341 1119 tt.
366 1053 454 1136 Quis
474 1053 565 1118 enim
586 1062 752 1123 nostrum,
768 1048 915 1137 judices,
934 1048 1071 1134 ignorat
1087 1048 1132 1111 ita
1149 1060 1284 1111 naturam

251 1177 365 1220 rerum
396 1153 526 1227 tulisse,
551 1164 589 1216 ut
609 1151 761 1238 quodam
785 1160 939 1233 tempore
964 1148 1135 1222 homines,
1153 1147 1283 1211 nondun

252 1275 363 1340 neque
395 1253 540 1317 naturali
572 1273 684 1338 neque
716 1249 807 1315 civili
835 1249 914 1336 jure
941 1247 1126 1332 descripto,
1152 1246 1214 1310 susi
1239 1268 1283 1330 per

253 1374 355 1441 agros
395 1374 436 1417 ac
472 1353 616 1437 dispe‘rsi
652 1361 875 1439 vagarentur,
909 1359 1111 1433 tantumque
1142 1347 1283 1411 haberent

252 1466 417 1541 quantum
434 1475 537 1517 manu
555 1472 596 1517 ac
611 1452 740 1516 viribus
762 1472 824 1536 per
848 1450 991 1513 caedem
1018 1468 1061 1512 ac
1084 1447 1222 1512 volnera
1243 1457 1281 1509 aut

252 1555 383 1639 eripere
408 1565 466 1617 aut
488 1553 633 1616 retinere
658 1549 866 1636 potuissent?
914 1547 985 1632 Qli
1002 1548 1109 1636 igitur
1124 1547 1221 1633 primi
1236 1546 1279 1610 vir·

251 1664 320 1719 tute
352 1665 385 1718 et
415 1653 557 1718 consilio
591 1652 777 1738 praestanti
809 1650 1021 1725 exstiterunt,
1054 1649 1099 1724 ei,
1129 1659 1277 1733 perspecto

252 1775 380 1842 genere
413 1755 584 1817 humanae
615 1752 796 1817 docilitatis
829 1763 929 1838 atque
961 1750 1095 1839 ingeni,
1126 1749 1278 1834 dissipatos

251 1876 358 1918 unum
382 1854 417 1917 in
441 1854 553 1918 locum
578 1863 846 1939 congregarunt,
869 1874 996 1939 eosque
1021 1873 1067 1917 ex
1093 1850 1220 1915 feritate
1239 1850 1279 1912 illa

253 1954 296 2018 ad
317 1953 481 2041 justitiam
507 1965 606 2038 atque
631 1952 675 2016 ad
700 1953 996 2018 mansuetudinem
1023 1953 1277 2018 transduxerunt.

251 2053 342 2117 Tum
366 2074 420 2117 res
442 2052 487 2116 ad
511 2073 727 2117 communem
751 2052 928 2118 utilitatem
951 2076 1039 2141 quas
1065 2055 1224 2140 publicas
1238 2071 1280 2134 au

252 2152 442 2238 pellamus3
476 2163 547 2215 tum
580 2153 817 2217 conventicula
848 2155 1040 2229 hominum,
1069 2178 1160 2244 quae
1188 2165 1279 2241 postea

252 2252 404 2317 civitates
435 2251 629 2315 nominatae
661 2261 759 2325 sunt3
799 2264 870 2317 tum
902 2255 1077 2323 domicilia
1111 2257 1278 2346 conjuncta,

251 2373 336 2438 quas
352 2351 446 2416 urbis
464 2351 621 2425 dicimus,
636 2350 773 2421 invento
786 2364 818 2417 et
831 2353 946 2419 divino
960 2355 1038 2444 jure
1052 2368 1086 2423 et
1103 2359 1279 2422 humanoul

252 2452 429 2516 moenibus
445 2463 656 2536 saepserunt.
705 2469 750 2516 48.
773 2452 886 2541 Atque
903 2456 989 2521 inter
1007 2460 1100 2525 hanc
1112 2461 1212 2526 vitam
1224 2475 1280 2543 per·

251 2550 390 2637 politam
409 2551 616 2615 humanitate
634 2562 665 2616 et
682 2552 775 2617 illam
793 2554 980 2622 immanem
998 2559 1084 2625 nihil
1110 2572 1177 2626 tam
1201 2559 1279 2622 inter·

250 2662 301 2716 est
331 2672 435 2737 quarn
462 2651 518 2740 jus
546 2663 646 2738 atque
674 2653 738 2717 vis.
790 2654 923 2720 Horum
949 2668 1024 2723 utro
1053 2660 1101 2725 uti
1130 2660 1278 2725 nolumus»

251 2752 356 2818 alte'ro
388 2763 438 2816 est
468 2752 644 2816 utendum.
707 2753 788 2819 Vim
819 2758 979 2822 volumus
1016 2759 1208 2847 exstingui:
1239 2754 1278 2842 jus

249 2854 363 2917 valeat
379 2872 519 2920 necesse
540 2863 602 2925 est,
615 2852 704 2918 —id
724 2866 787 2928 est,
807 2857 950 2944 judicia,
977 2859 1102 2944 quibus
1125 2879 1222 2924 omne
1239 2855 1278 2942 js

250 2954 451 3018 continetur.
495 2950 633 3037 Judicia
657 2953 839 3040 displicent
862 2968 920 3021 aut
939 2959 1032 3021 nulla
1053 2971 1152 3023 sunt:
1176 2957 1223 3021 vis
1236 2955 1279 3018 dn

172 3053 175 3058 ’
249 3054 394 3118 minetur
410 3073 551 3116 necesse
568 3064 630 3116 est.
670 3053 748 3120 Hoc
764 3057 881 3120 vident
897 3079 1028 3123 omnes.
1071 3059 1159 3124 Milo
1175 3050 1279 3122 etvidit

157 3164 160 3169 '
249 3165 282 3218 et
306 3153 384 3218 secit
409 3151 463 3239 [ut
486 3151 542 3240 jus
571 3154 802 3239 experiretur,¹
817 3155 887 3219 vim
914 3157 1134 3246 depelleret].
1182 3155 1278 3220 Auen

248 3253 295 3316 uti
324 3253 442 3326 voluit,
465 3264 501 3315 ut
528 3251 634 3317 virtus
664 3255 846 3318 audaciam
874 3255 1055 3331 vinceret3·
1086 3260 1190 3322 altero
1215 3266 1278 3316 usus

249 3350 442 3416 necessario
455 3362 517 3426 est,
530 3373 573 3417 ne
587 3353 692 3418 virtus
707 3354 749 3418 ab
764 3355 908 3419 audacia
919 3356 1122 3421 vinceretur.
1152 3354 1278 3420 Eadem«

247 3472 315 3537 que
343 3451 427 3515 ratio
455 3452 517 3517 suit
544 3452 648 3527 Sesti,
671 3454 699 3517 si
728 3453 841 3519 minus
870 3455 904 3519 in
930 3458 1278 3536 accusando-neque.

249 3549 341 3615 enim
366 3570 426 3634 per
450 3553 561 3617 omnis
587 3552 650 3616 suit
673 3553 764 3618 idem
788 3555 861 3618 fieri
887 3568 1126 3620 necesse—at
1150 3565 1232 3620 certe
1252 3547 1276 3610 itt

248 3650 451 3715 necessitate
463 3652 701 3717 defendendae
718 3654 836 3718 salutis
853 3676 949 3730 suae,
964 3657 1200 3743 praesidioque
1215 3667 1277 3716 con·-

248 3761 299 3815 tra
315 3749 384 3813 vim
403 3761 435 3813 et
452 3771 593 3814 manum
610 3753 854 3836 comparando.
876 3800 884 3816 .
906 3799 914 3816 .
935 3801 943 3817 .

293 3866 339 3913 49.
361 3849 507 3913 Reditus
519 3870 600 3913 vero
618 3871 714 3916 meus
730 3852 788 3939 qui
806 3853 905 3919 suerit
920 3855 996 3940 quis
1013 3852 1167 3943 ignorat?
1192 3862 1273 3936 quem

249 3949 293 4014 ad
318 3948 456 4012 modum
483 3946 565 4011 mihi
590 3948 783 4018 advenienti
805 3964 980 4042 tamquam
996 3956 1097 4021 totius
1112 3951 1223 4019 Italiae
1236 3952 1271 4008 al·
