2760 4448
138 277 166 317 X·
183 262 234 332 ²9]
329 263 366 329 A
397 263 540 351 Charge
563 264 613 353 ιγ’
625 263 814 330 Parricida
836 264 867 328 is
889 263 977 328 laid.
1159 278 1179 348 7

132 464 368 531 crediderunt:
402 462 583 530 Ameriam
612 486 649 530 re
677 464 810 530 inorata
838 476 1060 531 reverterunt.
1126 463 1182 532 Ac

128 566 234 650 primo
251 586 326 628 rem
343 563 484 628 differre
501 565 625 629 cotidie
642 584 684 628 ac
708 565 958 649 procrastinare
981 565 1034 629 isti
1058 586 1182 650 coepe·

126 675 202 728 runt
212 687 221 739 3
248 664 375 729 deinde
394 663 571 750 aliquanto
588 663 724 738 lentius,
743 663 828 728 nihil
846 684 951 751 agere
968 676 1069 749 atque
1085 664 1181 729 delu-

125 766 226 838 dere3
269 764 547 850 postremo-id
578 763 672 850 quod
703 763 804 827 facile
837 763 1045 828 intellectum
1076 776 1182 828 est—-

124 864 267 930 insidias
299 866 390 930 vitae
424 864 569 953 hujusce
605 862 708 951 [Sex.
743 862 868 951 Rosci]
904 883 1040 949 parare,
1070 885 1181 950 neque

124 985 201 1029 sese
226 964 385 1029 arbitrari
410 985 512 1050 posse
529 964 656 1030 diutius
674 962 823 1029 alienam
841 963 1026 1050 pecuniam
1042 963 1182 1030 domino

123 1064 290 1129 incolumi
315 1065 483 1130 obtinere.

169 1185 207 1228 x.
233 1163 407 1248 17.Q10d
439 1164 496 1229 hic
524 1164 625 1230 simul
655 1176 757 1252 atque
781 1163 899 1240 sensit,
923 1165 967 1231 de
991 1163 1181 1231 amicorum

125 1252 423 1351 cognatorumque
448 1264 617 1329 sententia
641 1263 792 1330 Romam
810 1262 977 1352 confugit,
995 1275 1029 1329 et
1044 1284 1120 1330 sese
1136 1264 1182 1330 ad

125 1363 319 1429 Caeciliam
340 1363 505 1450 [Nepotis
521 1364 663 1453 filiam],
682 1385 788 1451 quam
805 1364 945 1430 honoris
962 1384 1067 1430 causa
1083 1385 1182 1430 nom·

125 1465 198 1539 ino,
221 1464 375 1538 contulit,
398 1484 467 1550 qua
487 1474 584 1549 pater
607 1486 690 1530 usus
714 1475 788 1529 erat
812 1464 1020 1549 plurimum3
1053 1463 1089 1528 iu
1112 1484 1182 1551 qua

125 1564 285 1641 muliere,
299 1563 449 1652 judices,
465 1565 570 1628 etiam
594 1585 688 1629 nunc
708 1563 762 1647 (id
785 1565 879 1650 quod
901 1584 1022 1630 omnes
1045 1584 1182 1649 semper

128 1664 429 1748 existimaverunt)
452 1664 552 1749 quasi
575 1663 726 1749 exempli
750 1684 856 1728 causa
879 1663 1027 1751 vestigia
1051 1663 1181 1750 antiqui

128 1762 218 1827 offici
244 1773 438 1826 remanent.
487 1762 541 1826 Ea
565 1761 648 1827 Sex.
671 1763 841 1828 Roscium
861 1762 1014 1848 inopem,
1034 1763 1181 1850 ejectum

130 1864 229 1927 domo
240 1873 343 1948 atque
354 1861 538 1946 expulsum
549 1883 593 1926 ex
604 1862 674 1927 suis
685 1862 999 1949 bonis,sugientem
1010 1863 1181 1927 latronum

129 1962 194 2026 tela
211 1973 244 2026 et
261 1961 388 2037 minas,
403 1961 533 2046 recepit
548 1960 705 2037 domum:
718 1963 913 2050 hospitique
929 1984 1095 2048 oppresso
1107 1962 1181 2051 jam

130 2062 377 2146 desperatoque
398 2061 442 2125 ab
462 2060 621 2126 omnibus
640 2061 807 2147 opitulata
828 2074 891 2127 est.
940 2062 1025 2151 Ejus
1043 2062 1180 2137 virtute,

130 2160 205 2236 fide,
224 2159 408 2247 diligentia
425 2159 552 2225 sactum
569 2172 633 2236 est,
651 2171 690 2225 ut
705 2161 763 2226 hic
786 2161 899 2247 potius
922 2162 1021 2228 vivus
1045 2162 1080 2227 in
1103 2182 1181 2228 reos

128 2281 228 2346 quam
245 2260 384 2325 occisus
400 2259 435 2323 in
453 2260 660 2346 proscriptos
676 2260 871 2326 referretur.

168 2376 209 2424 18.
233 2359 330 2424 Nam
351 2351 533 2445 postquam
549 2358 604 2425 isti
622 2360 864 2425 intellexerunt
880 2381 1015 2433 summa
1035 2359 1181 2448 diligen-

127 2460 172 2524 tia
186 2460 295 2524 vitam
313 2458 399 2523 Sex.
418 2458 525 2524 Rosci
542 2458 717 2535 custodiri,
733 2480 845 2547 neque
861 2459 925 2525 sibi
941 2460 1048 2525 ullam
1065 2460 1181 2525 caedis

127 2559 312 2623 faciundae
336 2569 538 2643 potestatem
555 2559 643 2635 dari,
662 2559 842 2625 consilium
861 2570 1025 2647 ceperunt
1041 2560 1181 2645 plenum

128 2658 266 2723 sceleris
296 2668 330 2722 et
358 2657 539 2733 audaciae,
568 2668 607 2722 ut
634 2680 761 2724 nomen
789 2660 891 2748 hujus
923 2660 967 2725 de
998 2658 1182 2744 parricidio

129 2759 321 2831 deferrent,
346 2767 382 2821 ut
399 2757 538 2821 adeam
557 2779 630 2822 rem
655 2759 805 2846 aliquem
830 2770 1065 2825 accusatorem
1089 2768 1181 2823 vete·

130 2880 197 2924 rem
223 2867 478 2942 compararent,
501 2857 560 2944 qui
585 2858 628 2923 de
653 2879 695 2924 ea
716 2880 754 2924 re
773 2870 889 2946 posset
903 2860 1019 2925 dicere
1036 2858 1181 2945 aliquid,

129 2958 161 3022 in
176 2979 247 3045 qua
264 2979 302 3022 re
320 2957 415 3020 nulla
432 2957 588 3023 subesset
604 2959 766 3045 suspiti03
789 2960 938 3046 denique
953 2972 1002 3036 ut,
1017 2958 1181 3046 quoniam

129 3058 270 3122 crimine
296 3078 364 3121 non
393 3068 562 3143 poterant,
588 3069 742 3145 tempore
770 3061 845 3146 ipso
873 3071 1081 3149 pugnarent.
1129 3058 1181 3126 Ita

128 3157 219 3244 loqui
237 3155 418 3221 homines:
442 3159 534 3243 quod
547 3158 679 3248 judicia
695 3172 763 3225 tam
781 3161 840 3225 diu
857 3160 948 3226 facta
964 3181 1034 3226 non
1053 3171 1180 3238 essent,

129 3256 352 3322 condemnari
385 3277 464 3321 eum
496 3270 666 3343 oportere,
696 3259 755 3345 qui
787 3260 918 3346 primus
950 3260 986 3324 in
1012 3260 1182 3349 judicium

129 3358 296 3421 adductus
320 3366 431 3431 esset3
461 3357 542 3423 huic
566 3370 679 3422 autem
697 3370 859 3444 patronos
875 3372 1013 3446 propter
1028 3360 1183 3448 Chryso-

129 3456 209 3543 goni
226 3456 376 3544 gratiam
394 3456 590 3532 desuturos3
620 3459 663 3522 de
680 3459 848 3524 bonorum
868 3461 1064 3526 venditione
1083 3471 1117 3525 et
1137 3461 1181 3526 de

129 3555 192 3620 ista
220 3555 384 3621 societate
411 3557 555 3621 verbum
585 3577 661 3621 esse
684 3557 855 3622 facturum
879 3560 1073 3633 neminem;
1105 3559 1181 3646 ipso

129 3655 268 3719 nomine
296 3654 460 3740 parricidi
488 3666 521 3720 et
552 3655 726 3720 atrocitate
759 3657 924 3733 criminis,
954 3660 1026 3725 fo're
1057 3668 1094 3723 ut
1124 3660 1181 3725 hic

129 3754 223 3819 nullo
248 3753 388 3840 negotio
411 3754 597 3829 tolleretur,
617 3776 695 3819 cum
721 3756 764 3820 ab
787 3758 881 3823 nullo
898 3758 1060 3823 defensus
1076 3767 1178 3822 esset.

131 3852 209 3920 Hoc
233 3853 377 3920 consilio
401 3862 502 3938 atque
528 3853 615 3918 adeo
639 3855 705 3918 hac
730 3856 878 3920 amentia
904 3855 1054 3941 impulsi,
1076 3875 1179 3939 quem

131 3951 196 4038 ipsi
219 3974 298 4017 cum
319 3961 484 4037 cuperent
502 3972 570 4015 non
590 3964 773 4037 potuerunt
788 3953 958 4031 occidere,
977 3975 1056 4019 eum
1075 3953 1181 4039 jugu-

132 4053 273 4117 landum
296 4051 393 4122 vobis
416 4049 641 4115 tradiderunt.
