2722 4438
114 335 183 376 xxrv.
198 321 254 393 64]
354 322 471 387 Jlffz'lo’s
500 320 656 388 conduct
678 323 906 406 aflerwards.
1091 340 1154 411 193

113 525 199 590 etiam
218 522 365 609 publicis
383 522 561 608 praesidiis
581 532 614 587 et
637 521 763 597 armis3
796 542 907 608 neque
931 518 985 588 his
1008 532 1152 600 tantum,

111 647 217 690 verum
234 623 337 689 etiam
356 622 429 709 ejus
442 621 615 706 potestati,
632 622 686 686 cui
704 633 842 686 senatus
858 634 963 687 totam
980 644 1053 687 rem
1069 623 1155 707 pub-

110 727 214 799 licam,
242 745 380 788 omnem
406 721 525 786 Italiae
550 722 690 807 pubem,
714 733 837 786 cuncta
860 721 977 807 populi
1002 722 1154 787 Romani

111 845 195 913 arma
214 822 453 888 commiserat:
479 820 533 884 cui
558 841 746 906 numquam
770 841 807 886 se
831 820 889 884 hic
912 821 1063 905 prolecto
1086 834 1154 885 tra·

109 924 250 998 didisset,
275 921 340 987 nisi
365 941 491 985 causae
508 941 591 984 suae
608 920 804 995 confideret,
821 921 1021 1005 praesertim
1037 920 1153 985 omnia

108 1022 263 1097 audienti,
282 1042 411 1108 magna
429 1020 604 1094 metuenti,
624 1007 946 1104 multa'suspicanti,
965 1040 1033 1083 non
1058 1020 1153 1084 nulla

106 1123 262 1187 credenti.
326 1122 461 1209 Magna
497 1121 548 1186 vis
586 1130 637 1185 est
667 1119 910 1195 conscientiae,
939 1119 1087 1206 judices,
1120 1131 1154 1184 et

106 1243 227 1309 magna
258 1222 294 1286 in
324 1233 503 1308 utramque
535 1230 681 1306 partem,
711 1230 749 1283 ut
779 1240 891 1305 neque
922 1219 1064 1283 timeant
1094 1218 1153 1306 qui

104 1323 184 1387 nihil
200 1322 444 1397 commiserint,
463 1334 496 1387 et
512 1340 659 1408 poenam
678 1340 814 1406 semper
834 1329 911 1384 ante
935 1320 1054 1384 oculos
1077 1341 1153 1384 ver-

96 1421 168 1486 sari
184 1432 300 1506 putent
315 1421 372 1508 qui
390 1422 575 1506 peccarint.

143 1540 189 1586 oz.
212 1512 336 1608 Neque
367 1543 449 1586 vero
480 1522 553 1586 sine
585 1519 716 1585 ratione
748 1529 840 1585 certa
872 1539 978 1584 causa
1010 1516 1152 1585 Milonis
1218 1560 1223 1567 ·

101 1644 234 1707 semper
257 1642 277 1685 a
301 1635 420 1685 senatu
445 1622 586 1706 probata
606 1632 668 1685 est.
716 1619 999 1684 Videbant‘enim
1017 1619 1151 1704 sapien-

99 1722 216 1787 tissimi
250 1721 405 1786 homines
437 1720 516 1785 sacti
551 1720 731 1795 rationem,
766 1708 995 1806 praesentiam
1030 1719 1149 1796 animi,

100 1821 306 1887 defensionis
322 1823 559 1888 constantiam.
608 1819 667 1884 An
683 1841 765 1885 vero
781 1820 875 1885 obliti
893 1820 986 1895 estis,
1001 1819 1149 1907 judiceS,

91 1921 224 1987 recenti
241 1921 300 1985 illo
316 1919 433 1984 nuntio
450 1920 550 1984 necis
561 1918 765 1994 Clodianae,
784 1941 852 1984 non
870 1921 973 1984 modo
996 1919 1151 1986 inimico-

97 2044 173 2086 rum
198 2020 339 2085 Milonis
363 2040 539 2084 sermones
555 2031 588 2084 et
604 2020 795 2104 opiniones,
815 2020 876 2085 sed
893 2042 961 2086 non
978 2021 1150 2086 nullorum

97 2121 200 2185 etiam
217 2118 471 2205 imperitorum?
514 2119 701 2207 Negabant
717 2141 795 2185 eum
813 2120 965 2186 Romam
982 2122 1150 2186 essered-

94 2220 234 2284 iturum.
294 2234 341 2282 oa.
365 2219 446 2284 Sive
473 2219 564 2284 enim
592 2219 677 2284 illud
704 2220 819 2285 animo
844 2220 930 2286 irato
957 2242 998 2286 ac
1021 2220 1150 2307 percito

93 2320 245 2395 fecisset,
264 2331 299 2383 ut
315 2319 476 2384 incensus
492 2320 571 2385 odio
592 2320 776 2385 trucidaret
800 2320 990 2398 inimicum,
1009 2321 1152 2386 arbitra·

92 2422 220 2485 bantur
241 2441 320 2484 eum
343 2418 426 2483 tanti
451 2431 593 2484 mortem
618 2420 658 2485 P.
683 2419 785 2486 Clodi
810 2433 961 2507 putasse,
979 2433 1016 2487 ut
1040 2442 1150 2508 aequo

92 2521 211 2585 animo
236 2519 345 2604 patria
370 2530 512 2594 careret,
532 2541 609 2584 cum
635 2522 805 2607 sanguine
827 2522 955 2587 inimici
978 2523 1151 2608 explesset

89 2622 212 2686 odium
230 2641 351 2694 suum3
375 2618 446 2683 sive
462 2620 565 2684 etiam
585 2621 676 2685 illius
702 2633 808 2686 morte
834 2623 979 2707 patriam
1003 2623 1149 2688 liberare

89 2720 270 2794 voluisset,
285 2741 353 2783 non
370 2718 600 2783 dubitaturum
617 2719 738 2784 fortem
753 2721 864 2785 virum
881 2722 977 2809 quin,
992 2743 1071 2786 cum
1088 2743 1150 2785 suo

89 2820 248 2906 periculo
280 2819 424 2884 salutem
456 2820 583 2905 populo
617 2819 778 2886 Romano
812 2823 989 2897 attulisset,
1014 2822 1151 2887 cederet

89 2941 205 3006 aequo
231 2918 345 2983 animo
363 2919 550 3007 [legibus],
567 2941 684 2984 secum
698 2920 845 2986 auferret
861 2923 1008 3009 gloriam
1025 2921 1151 3006 sempi-

88 3031 241 3094 ternam,
266 3018 364 3083 nobis
403 3020 490 3084 baec
527 3019 672 3084 fruenda
704 3021 921 3108 relinqueret,
956 3043 1044 3108 quae
1076 3022 1150 3106 ipse

87 3129 282 3191 servasset,
317 3116 419 3182 Multi
446 3119 547 3183 etiam
575 3119 761 3187 Catilinam
788 3134 888 3207 atque
912 3121 971 3185 illa
996 3131 1150 3207 portenta

86 3214 342 3305 loquebantur:
364 3229 372 3257 ‘
386 3217 565 3305 Erumpet,
580 3222 762 3307 occupabit
775 3214 923 3308 aliquem
937 3222 1063 3297 locum,
1078 3222 1150 3286 bel-

85 3318 162 3382 lum
181 3318 313 3403 patriae
330 3316 455 3382 saciet)
503 3320 651 3385 Miseros
668 3321 838 3385 interdum
863 3321 946 3385 civis
963 3321 1089 3406 optime
1106 3321 1149 3386 de

83 3439 125 3482 re
152 3418 293 3503 publica
318 3417 468 3495 meritos
492 3419 528 3484 in
552 3420 675 3506 quibus
696 3419 853 3485 homines
876 3441 946 3484 non
971 3422 1072 3486 modo
1096 3442 1150 3485 res

82 3515 387 3605 praeclarissimas
411 3519 670 3593 obliviscuntur,
692 3519 753 3584 sed
777 3519 879 3584 etiam
904 3519 1052 3586 nefarias
1077 3542 1147 3585 sus·

80 3615 272 3699 picanturl
318 3635 365 3683 64.
389 3618 484 3706 Ergo
500 3619 559 3683 illa
576 3619 662 3683 salsa
679 3617 826 3694 luerunt,
841 3639 930 3704 quae
954 3631 1045 3684 certe
1068 3641 1150 3683 vera

80 3717 313 3793 exstitissent,
332 3718 359 3783 si
377 3718 465 3783 Milo
482 3717 675 3783 admisisset
691 3718 819 3805 aliquid
835 3719 928 3805 quod
944 3741 1012 3785 non
1037 3730 1150 3805 posset

81 3812 235 3881 honeste
259 3838 408 3905 vereque
432 3816 628 3883 defendere.

132 3915 241 3981 xxr'v.
270 3916 389 4002 Quid?
428 3938 517 4004 quae
549 3928 667 4002 postea
695 3928 773 3983 sunt
794 3918 834 3983 in
862 3941 941 3984 eum
969 3928 1147 4006 congesta,

80 4031 182 4097 quae
200 4018 355 4105 quemvis
372 4017 474 4083 etiam
500 4017 722 4083 mediocrium
747 4019 947 4086 delictorum
972 4018 1148 4085 conscien-

607 4141 637 4193 Ι3
