<?xml version="1.0" encoding="UTF-8"?>
<!DOCTYPE html PUBLIC "-//W3C//DTD XHTML 1.0 Transitional//EN"
    "http://www.w3.org/TR/xhtml1/DTD/xhtml1-transitional.dtd">
<html xmlns="http://www.w3.org/1999/xhtml" xml:lang="en" lang="en">
 <head>
  <title>
</title>
<meta http-equiv="Content-Type" content="text/html;charset=utf-8" />
  <meta name='ocr-system' content='tesseract 3.04.00' />
  <meta name='ocr-capabilities' content='ocr_page ocr_carea ocr_par ocr_line ocrx_word'/>
</head>
<body>
  <div class='ocr_page' id='page_1' title='image "./selectorationsc02greegoog_0033.png"; bbox 0 0 2760 4448; ppageno 0'>
   <div class='ocr_carea' id='block_1_1' title="bbox 170 216 1229 306">
    <p class='ocr_par' dir='ltr' id='par_1_1' title="bbox 170 216 1229 306">
     <span class='ocr_line' id='line_1_1' title="bbox 170 216 1229 306; baseline 0.001 -24"><span class='ocrx_word' id='word_1_1' title='bbox 170 235 214 282; x_wconf 74' lang='grc' dir='ltr'><strong>η</strong></span> <span class='ocrx_word' id='word_1_2' title='bbox 491 216 648 304; x_wconf 79' lang='lat' dir='ltr'>Defence</span> <span class='ocrx_word' id='word_1_3' title='bbox 671 218 719 306; x_wconf 63' lang='lat' dir='ltr'>(ff</span> <span class='ocrx_word' id='word_1_4' title='bbox 731 218 890 287; x_wconf 72' lang='lat' dir='ltr'>Roscrin.</span> <span class='ocrx_word' id='word_1_5' title='bbox 1030 220 1136 293; x_wconf 86' lang='lat' dir='ltr'>[Rosc.</span> <span class='ocrx_word' id='word_1_6' title='bbox 1157 224 1229 293; x_wconf 62' lang='lat' dir='ltr'>Au.</span> 
     </span>
    </p>
   </div>
   <div class='ocr_carea' id='block_1_2' title="bbox 167 418 1225 1409">
    <p class='ocr_par' dir='ltr' id='par_1_2' title="bbox 167 418 1225 1409">
     <span class='ocr_line' id='line_1_2' title="bbox 167 418 1223 504; baseline 0.011 -22"><span class='ocrx_word' id='word_1_7' title='bbox 167 429 238 483; x_wconf 87' lang='lat' dir='ltr'>tam</span> <span class='ocrx_word' id='word_1_8' title='bbox 255 437 436 483; x_wconf 90' lang='lat' dir='ltr'>commune</span> <span class='ocrx_word' id='word_1_9' title='bbox 452 438 557 504; x_wconf 87' lang='lat' dir='ltr'>quam</span> <span class='ocrx_word' id='word_1_10' title='bbox 574 418 711 504; x_wconf 89' lang='lat' dir='ltr'>spiritus</span> <span class='ocrx_word' id='word_1_11' title='bbox 727 419 827 497; x_wconf 91' lang='lat' dir='ltr'>vivis,</span> <span class='ocrx_word' id='word_1_12' title='bbox 846 432 936 493; x_wconf 88' lang='lat' dir='ltr'>terra</span> <span class='ocrx_word' id='word_1_13' title='bbox 953 425 1110 501; x_wconf 80' lang='lat' dir='ltr'>mortuis,</span> <span class='ocrx_word' id='word_1_14' title='bbox 1124 448 1223 494; x_wconf 90' lang='lat' dir='ltr'>mare</span> 
     </span>
     <span class='ocr_line' id='line_1_3' title="bbox 167 516 1223 610; baseline 0.011 -28"><span class='ocrx_word' id='word_1_15' title='bbox 167 517 422 592; x_wconf 89' lang='lat' dir='ltr'>fluctuantibus,</span> <span class='ocrx_word' id='word_1_16' title='bbox 442 517 520 582; x_wconf 90' lang='lat' dir='ltr'>litus</span> <span class='ocrx_word' id='word_1_17' title='bbox 545 516 682 606; x_wconf 89' lang='lat' dir='ltr'>ejectis?</span> <span class='ocrx_word' id='word_1_18' title='bbox 730 518 781 584; x_wconf 92' lang='lat' dir='ltr'>Ita</span> <span class='ocrx_word' id='word_1_19' title='bbox 805 520 936 597; x_wconf 90' lang='lat' dir='ltr'>vivunt,</span> <span class='ocrx_word' id='word_1_20' title='bbox 955 523 1037 593; x_wconf 93' lang='lat' dir='ltr'>dum</span> <span class='ocrx_word' id='word_1_21' title='bbox 1063 538 1223 610; x_wconf 81' lang='lat' dir='ltr'>possunt,</span> 
     </span>
     <span class='ocr_line' id='line_1_4' title="bbox 168 617 1223 706; baseline 0.009 -23"><span class='ocrx_word' id='word_1_22' title='bbox 168 629 205 683; x_wconf 91' lang='lat' dir='ltr'>ut</span> <span class='ocrx_word' id='word_1_23' title='bbox 220 618 346 684; x_wconf 88' lang='lat' dir='ltr'>ducere</span> <span class='ocrx_word' id='word_1_24' title='bbox 363 617 514 683; x_wconf 88' lang='lat' dir='ltr'>animam</span> <span class='ocrx_word' id='word_1_25' title='bbox 532 617 575 683; x_wconf 92' lang='lat' dir='ltr'>de</span> <span class='ocrx_word' id='word_1_26' title='bbox 592 618 689 683; x_wconf 90' lang='lat' dir='ltr'>caelo</span> <span class='ocrx_word' id='word_1_27' title='bbox 709 640 779 684; x_wconf 93' lang='lat' dir='ltr'>non</span> <span class='ocrx_word' id='word_1_28' title='bbox 803 633 943 706; x_wconf 85' lang='lat' dir='ltr'>queant.</span> <span class='ocrx_word' id='word_1_29' title='bbox 993 624 1046 691; x_wconf 91' lang='lat' dir='ltr'>Ita</span> <span class='ocrx_word' id='word_1_30' title='bbox 1071 627 1223 693; x_wconf 90' lang='lat' dir='ltr'>moriun-</span> 
     </span>
     <span class='ocr_line' id='line_1_5' title="bbox 169 723 1222 814; baseline 0.009 -31"><span class='ocrx_word' id='word_1_31' title='bbox 169 730 234 794; x_wconf 87' lang='lat' dir='ltr'>tur,</span> <span class='ocrx_word' id='word_1_32' title='bbox 261 728 298 783; x_wconf 91' lang='lat' dir='ltr'>ut</span> <span class='ocrx_word' id='word_1_33' title='bbox 325 738 443 784; x_wconf 89' lang='lat' dir='ltr'>eorum</span> <span class='ocrx_word' id='word_1_34' title='bbox 471 738 550 782; x_wconf 90' lang='lat' dir='ltr'>ossa</span> <span class='ocrx_word' id='word_1_35' title='bbox 577 728 666 784; x_wconf 91' lang='lat' dir='ltr'>terra</span> <span class='ocrx_word' id='word_1_36' title='bbox 683 741 753 784; x_wconf 90' lang='lat' dir='ltr'>non</span> <span class='ocrx_word' id='word_1_37' title='bbox 785 732 917 808; x_wconf 86' lang='lat' dir='ltr'>tangat.</span> <span class='ocrx_word' id='word_1_38' title='bbox 968 723 1020 789; x_wconf 89' lang='lat' dir='ltr'>Ita</span> <span class='ocrx_word' id='word_1_39' title='bbox 1047 726 1222 814; x_wconf 88' lang='lat' dir='ltr'>jactantur</span> 
     </span>
     <span class='ocr_line' id='line_1_6' title="bbox 168 819 1223 909; baseline 0.005 -24"><span class='ocrx_word' id='word_1_40' title='bbox 168 820 340 895; x_wconf 90' lang='lat' dir='ltr'>fluctibus,</span> <span class='ocrx_word' id='word_1_41' title='bbox 358 828 395 883; x_wconf 91' lang='lat' dir='ltr'>ut</span> <span class='ocrx_word' id='word_1_42' title='bbox 413 838 601 904; x_wconf 88' lang='lat' dir='ltr'><strong>numquam</strong></span> <span class='ocrx_word' id='word_1_43' title='bbox 624 819 819 885; x_wconf 87' lang='lat' dir='ltr'>adluantur.</span> <span class='ocrx_word' id='word_1_44' title='bbox 869 822 921 889; x_wconf 90' lang='lat' dir='ltr'>Ita</span> <span class='ocrx_word' id='word_1_45' title='bbox 945 835 1116 909; x_wconf 88' lang='lat' dir='ltr'>postremo</span> <span class='ocrx_word' id='word_1_46' title='bbox 1141 825 1223 890; x_wconf 82' lang='lat' dir='ltr'>eici-</span> 
     </span>
     <span class='ocr_line' id='line_1_7' title="bbox 168 918 1219 1010; baseline 0 -23"><span class='ocrx_word' id='word_1_47' title='bbox 168 933 283 997; x_wconf 92' lang='lat' dir='ltr'>untur,</span> <span class='ocrx_word' id='word_1_48' title='bbox 309 930 346 985; x_wconf 95' lang='lat' dir='ltr'>ut</span> <span class='ocrx_word' id='word_1_49' title='bbox 373 940 417 984; x_wconf 89' lang='lat' dir='ltr'>ne</span> <span class='ocrx_word' id='word_1_50' title='bbox 445 919 489 984; x_wconf 94' lang='lat' dir='ltr'>ad</span> <span class='ocrx_word' id='word_1_51' title='bbox 517 939 602 983; x_wconf 86' lang='lat' dir='ltr'>saxa</span> <span class='ocrx_word' id='word_1_52' title='bbox 634 918 773 1005; x_wconf 89' lang='lat' dir='ltr'>quidem</span> <span class='ocrx_word' id='word_1_53' title='bbox 807 922 929 989; x_wconf 91' lang='lat' dir='ltr'>mortui</span> <span class='ocrx_word' id='word_1_54' title='bbox 962 925 1219 1010; x_wconf 77' lang='lat' dir='ltr'><strong>conquiescant.</strong></span> 
     </span>
     <span class='ocr_line' id='line_1_8' title="bbox 168 1019 1225 1112; baseline 0.003 -26"><span class='ocrx_word' id='word_1_55' title='bbox 168 1038 216 1086; x_wconf 85' lang='lat' dir='ltr'>ao.</span> <span class='ocrx_word' id='word_1_56' title='bbox 239 1019 343 1085; x_wconf 85' lang='lat' dir='ltr'>Tanti</span> <span class='ocrx_word' id='word_1_57' title='bbox 371 1019 519 1093; x_wconf 82' lang='lat' dir='ltr'>malefici</span> <span class='ocrx_word' id='word_1_58' title='bbox 544 1019 689 1094; x_wconf 84' lang='lat' dir='ltr'>crimen,</span> <span class='ocrx_word' id='word_1_59' title='bbox 715 1019 772 1085; x_wconf 89' lang='lat' dir='ltr'>cui</span> <span class='ocrx_word' id='word_1_60' title='bbox 796 1022 967 1089; x_wconf 86' lang='lat' dir='ltr'>maleficio</span> <span class='ocrx_word' id='word_1_61' title='bbox 990 1035 1063 1091; x_wconf 85' lang='lat' dir='ltr'>tam-</span> <span class='ocrx_word' id='word_1_62' title='bbox 1084 1024 1225 1112; x_wconf 77' lang='lat' dir='ltr'>insigne</span> 
     </span>
     <span class='ocr_line' id='line_1_9' title="bbox 169 1119 1225 1208; baseline 0.003 -20"><span class='ocrx_word' id='word_1_63' title='bbox 169 1121 376 1208; x_wconf 92' lang='lat' dir='ltr'>supplicium</span> <span class='ocrx_word' id='word_1_64' title='bbox 400 1131 451 1185; x_wconf 91' lang='lat' dir='ltr'>est</span> <span class='ocrx_word' id='word_1_65' title='bbox 474 1119 706 1195; x_wconf 82' lang='lat' dir='ltr'>constitutum,</span> <span class='ocrx_word' id='word_1_66' title='bbox 727 1123 873 1207; x_wconf 86' lang='lat' dir='ltr'>probare</span> <span class='ocrx_word' id='word_1_67' title='bbox 895 1138 942 1199; x_wconf 88' lang='lat' dir='ltr'>te,</span> <span class='ocrx_word' id='word_1_68' title='bbox 964 1122 1081 1199; x_wconf 87' lang='lat' dir='ltr'><strong>Eruci,</strong></span> <span class='ocrx_word' id='word_1_69' title='bbox 1100 1146 1225 1192; x_wconf 89' lang='lat' dir='ltr'>censes</span> 
     </span>
     <span class='ocr_line' id='line_1_10' title="bbox 170 1219 1224 1309; baseline 0.003 -22"><span class='ocrx_word' id='word_1_70' title='bbox 170 1243 271 1308; x_wconf 90' lang='lat' dir='ltr'>posse</span> <span class='ocrx_word' id='word_1_71' title='bbox 287 1221 412 1286; x_wconf 91' lang='lat' dir='ltr'>talibus</span> <span class='ocrx_word' id='word_1_72' title='bbox 429 1220 522 1296; x_wconf 91' lang='lat' dir='ltr'>viris,</span> <span class='ocrx_word' id='word_1_73' title='bbox 542 1219 570 1285; x_wconf 92' lang='lat' dir='ltr'>si</span> <span class='ocrx_word' id='word_1_74' title='bbox 587 1241 630 1285; x_wconf 91' lang='lat' dir='ltr'>ne</span> <span class='ocrx_word' id='word_1_75' title='bbox 649 1241 793 1289; x_wconf 84' lang='lat' dir='ltr'>causam</span> <span class='ocrx_word' id='word_1_76' title='bbox 807 1223 946 1308; x_wconf 86' lang='lat' dir='ltr'>quidem</span> <span class='ocrx_word' id='word_1_77' title='bbox 972 1223 1121 1291; x_wconf 63' lang='lat' dir='ltr'>malefici,</span> <span class='ocrx_word' id='word_1_78' title='bbox 1143 1246 1224 1309; x_wconf 87' lang='lat' dir='ltr'>pro·</span> 
     </span>
     <span class='ocr_line' id='line_1_11' title="bbox 170 1318 1224 1409; baseline 0.001 -22"><span class='ocrx_word' id='word_1_79' title='bbox 170 1320 310 1387; x_wconf 89' lang='lat' dir='ltr'>tuleris?</span> <span class='ocrx_word' id='word_1_80' title='bbox 357 1320 395 1386; x_wconf 90' lang='lat' dir='ltr'>Si</span> <span class='ocrx_word' id='word_1_81' title='bbox 413 1321 505 1400; x_wconf 89' lang='lat' dir='ltr'>hunc</span> <span class='ocrx_word' id='word_1_82' title='bbox 522 1320 614 1406; x_wconf 90' lang='lat' dir='ltr'>apud</span> <span class='ocrx_word' id='word_1_83' title='bbox 630 1318 799 1387; x_wconf 83' lang='lat' dir='ltr'>bonorum</span> <span class='ocrx_word' id='word_1_84' title='bbox 818 1334 988 1408; x_wconf 86' lang='lat' dir='ltr'>emptores</span> <span class='ocrx_word' id='word_1_85' title='bbox 1004 1323 1096 1409; x_wconf 92' lang='lat' dir='ltr'>ipsos</span> <span class='ocrx_word' id='word_1_86' title='bbox 1120 1344 1224 1389; x_wconf 87' lang='lat' dir='ltr'>accu-</span> 
     </span>
    </p>
   </div>
   <div class='ocr_carea' id='block_1_3' title="bbox 54 1419 1226 1509">
    <p class='ocr_par' dir='ltr' id='par_1_3' title="bbox 54 1419 1226 1509">
     <span class='ocr_line' id='line_1_12' title="bbox 54 1419 1226 1509; baseline 0.005 -26"><span class='ocrx_word' id='word_1_87' title='bbox 54 1463 66 1483; x_wconf 59' lang='lat' dir='ltr'><em>s</em></span> <span class='ocrx_word' id='word_1_88' title='bbox 171 1444 278 1497; x_wconf 86' lang='lat' dir='ltr'>sares,</span> <span class='ocrx_word' id='word_1_89' title='bbox 312 1420 411 1507; x_wconf 86' lang='lat' dir='ltr'>eique</span> <span class='ocrx_word' id='word_1_90' title='bbox 440 1420 570 1508; x_wconf 88' lang='lat' dir='ltr'>judicio</span> <span class='ocrx_word' id='word_1_91' title='bbox 603 1419 856 1509; x_wconf 84' lang='lat' dir='ltr'>Chrysogonus</span> <span class='ocrx_word' id='word_1_92' title='bbox 886 1433 1072 1507; x_wconf 84' lang='lat' dir='ltr'>praeesset,</span> <span class='ocrx_word' id='word_1_93' title='bbox 1106 1434 1226 1489; x_wconf 84' lang='lat' dir='ltr'>tamen</span> 
     </span>
    </p>
   </div>
   <div class='ocr_carea' id='block_1_4' title="bbox 170 1520 1225 1908">
    <p class='ocr_par' dir='ltr' id='par_1_4' title="bbox 170 1520 1225 1908">
     <span class='ocr_line' id='line_1_13' title="bbox 171 1520 1223 1609; baseline -0.001 -22"><span class='ocrx_word' id='word_1_94' title='bbox 171 1520 367 1609; x_wconf 88' lang='lat' dir='ltr'>diligentius</span> <span class='ocrx_word' id='word_1_95' title='bbox 399 1520 618 1606; x_wconf 83' lang='lat' dir='ltr'>paratiusque</span> <span class='ocrx_word' id='word_1_96' title='bbox 649 1521 817 1587; x_wconf 89' lang='lat' dir='ltr'>venisses.</span> <span class='ocrx_word' id='word_1_97' title='bbox 877 1521 1000 1589; x_wconf 87' lang='lat' dir='ltr'>Utrum</span> <span class='ocrx_word' id='word_1_98' title='bbox 1028 1521 1110 1608; x_wconf 94' lang='lat' dir='ltr'>quid</span> <span class='ocrx_word' id='word_1_99' title='bbox 1138 1543 1223 1609; x_wconf 89' lang='lat' dir='ltr'>aga·</span> 
     </span>
     <span class='ocr_line' id='line_1_14' title="bbox 170 1619 1225 1708; baseline -0.002 -19"><span class='ocrx_word' id='word_1_100' title='bbox 170 1634 224 1689; x_wconf 91' lang='lat' dir='ltr'>tur</span> <span class='ocrx_word' id='word_1_101' title='bbox 254 1643 324 1687; x_wconf 90' lang='lat' dir='ltr'>non</span> <span class='ocrx_word' id='word_1_102' title='bbox 355 1619 465 1694; x_wconf 88' lang='lat' dir='ltr'>vides,</span> <span class='ocrx_word' id='word_1_103' title='bbox 500 1641 544 1684; x_wconf 90' lang='lat' dir='ltr'>an</span> <span class='ocrx_word' id='word_1_104' title='bbox 576 1622 669 1705; x_wconf 92' lang='lat' dir='ltr'>apud</span> <span class='ocrx_word' id='word_1_105' title='bbox 700 1642 787 1707; x_wconf 92' lang='lat' dir='ltr'>quos</span> <span class='ocrx_word' id='word_1_106' title='bbox 818 1620 964 1708; x_wconf 81' lang='lat' dir='ltr'>agatur?</span> <span class='ocrx_word' id='word_1_107' title='bbox 1021 1621 1148 1708; x_wconf 84' lang='lat' dir='ltr'>Agitur</span> <span class='ocrx_word' id='word_1_108' title='bbox 1178 1622 1225 1689; x_wconf 88' lang='lat' dir='ltr'>de</span> 
     </span>
     <span class='ocr_line' id='line_1_15' title="bbox 172 1719 1225 1809; baseline 0.003 -23"><span class='ocrx_word' id='word_1_109' title='bbox 172 1722 369 1809; x_wconf 91' lang='lat' dir='ltr'>parricidio,</span> <span class='ocrx_word' id='word_1_110' title='bbox 387 1721 479 1807; x_wconf 94' lang='lat' dir='ltr'>quod</span> <span class='ocrx_word' id='word_1_111' title='bbox 495 1719 569 1785; x_wconf 91' lang='lat' dir='ltr'>sine</span> <span class='ocrx_word' id='word_1_112' title='bbox 588 1720 702 1785; x_wconf 90' lang='lat' dir='ltr'>multis</span> <span class='ocrx_word' id='word_1_113' title='bbox 719 1720 833 1786; x_wconf 91' lang='lat' dir='ltr'>causis</span> <span class='ocrx_word' id='word_1_114' title='bbox 850 1720 977 1806; x_wconf 89' lang='lat' dir='ltr'>suscipi</span> <span class='ocrx_word' id='word_1_115' title='bbox 998 1743 1067 1786; x_wconf 93' lang='lat' dir='ltr'>non</span> <span class='ocrx_word' id='word_1_116' title='bbox 1091 1732 1201 1805; x_wconf 87' lang='lat' dir='ltr'>potest</span> <span class='ocrx_word' id='word_1_117' title='bbox 1212 1743 1225 1796; x_wconf 90' lang='lat'>;.</span> 
     </span>
     <span class='ocr_line' id='line_1_16' title="bbox 172 1821 1224 1908; baseline 0 -22"><span class='ocrx_word' id='word_1_118' title='bbox 172 1823 264 1908; x_wconf 93' lang='lat' dir='ltr'>apud</span> <span class='ocrx_word' id='word_1_119' title='bbox 289 1821 452 1887; x_wconf 86' lang='lat' dir='ltr'>homines.</span> <span class='ocrx_word' id='word_1_120' title='bbox 471 1831 584 1885; x_wconf 90' lang='lat' dir='ltr'>autem</span> <span class='ocrx_word' id='word_1_121' title='bbox 604 1821 889 1906; x_wconf 82' lang='lat' dir='ltr'>prudentissimos</span> <span class='ocrx_word' id='word_1_122' title='bbox 907 1821 1032 1908; x_wconf 84' lang='lat' dir='ltr'>agitur,</span> <span class='ocrx_word' id='word_1_123' title='bbox 1050 1821 1108 1907; x_wconf 96' lang='lat' dir='ltr'>qui</span> <span class='ocrx_word' id='word_1_124' title='bbox 1125 1822 1224 1889; x_wconf 85' lang='lat' dir='ltr'>intel-</span> 
     </span>
    </p>
   </div>
   <div class='ocr_carea' id='block_1_5' title="bbox 62 1920 1226 2009">
    <p class='ocr_par' dir='ltr' id='par_1_5' title="bbox 62 1920 1226 2009">
     <span class='ocr_line' id='line_1_17' title="bbox 62 1920 1226 2009; baseline -0.002 -22"><span class='ocrx_word' id='word_1_125' title='bbox 62 2000 68 2007; x_wconf 15' lang='lat'>»</span> <span class='ocrx_word' id='word_1_126' title='bbox 171 1923 292 2009; x_wconf 90' lang='lat' dir='ltr'>legunt</span> <span class='ocrx_word' id='word_1_127' title='bbox 308 1921 480 1986; x_wconf 88' lang='lat' dir='ltr'>neminem</span> <span class='ocrx_word' id='word_1_128' title='bbox 498 1941 542 1985; x_wconf 87' lang='lat' dir='ltr'>ne</span> <span class='ocrx_word' id='word_1_129' title='bbox 558 1920 739 1987; x_wconf 89' lang='lat' dir='ltr'>minimum</span> <span class='ocrx_word' id='word_1_130' title='bbox 755 1920 895 2007; x_wconf 87' lang='lat' dir='ltr'>quidem</span> <span class='ocrx_word' id='word_1_131' title='bbox 916 1920 1125 1995; x_wconf 87' lang='lat' dir='ltr'>maleficium</span> <span class='ocrx_word' id='word_1_132' title='bbox 1148 1922 1226 1992; x_wconf 84' lang='lat' dir='ltr'>sine</span> 
     </span>
    </p>
   </div>
   <div class='ocr_carea' id='block_1_6' title="bbox 159 2020 1327 3905">
    <p class='ocr_par' dir='ltr' id='par_1_6' title="bbox 171 2020 484 2088">
     <span class='ocr_line' id='line_1_18' title="bbox 171 2020 484 2088; baseline -0.013 0"><span class='ocrx_word' id='word_1_133' title='bbox 171 2043 277 2088; x_wconf 89' lang='lat' dir='ltr'>causa</span> <span class='ocrx_word' id='word_1_134' title='bbox 294 2020 484 2087; x_wconf 87' lang='lat' dir='ltr'>admittere.</span> 
     </span>
    </p>

    <p class='ocr_par' dir='ltr' id='par_1_7' title="bbox 159 2119 1327 3905">
     <span class='ocr_line' id='line_1_19' title="bbox 215 2119 1223 2205; baseline -0.004 -18"><span class='ocrx_word' id='word_1_135' title='bbox 215 2141 332 2187; x_wconf 84' lang='lat' dir='ltr'>xxvn.</span> <span class='ocrx_word' id='word_1_136' title='bbox 359 2137 400 2184; x_wconf 78' lang='lat'>31.</span> <span class='ocrx_word' id='word_1_137' title='bbox 423 2120 527 2185; x_wconf 86' lang='lat' dir='ltr'>Esto:</span> <span class='ocrx_word' id='word_1_138' title='bbox 553 2140 695 2184; x_wconf 90' lang='lat' dir='ltr'>causam</span> <span class='ocrx_word' id='word_1_139' title='bbox 712 2119 864 2205; x_wconf 80' lang='lat' dir='ltr'>proferre</span> <span class='ocrx_word' id='word_1_140' title='bbox 881 2141 949 2187; x_wconf 89' lang='lat' dir='ltr'>non</span> <span class='ocrx_word' id='word_1_141' title='bbox 966 2131 1074 2205; x_wconf 85' lang='lat' dir='ltr'>potes.</span> <span class='ocrx_word' id='word_1_142' title='bbox 1114 2119 1223 2185; x_wconf 90' lang='lat' dir='ltr'>Tam·</span> 
     </span>
     <span class='ocr_line' id='line_1_20' title="bbox 171 2219 1227 2307; baseline -0.005 -19"><span class='ocrx_word' id='word_1_143' title='bbox 171 2222 233 2288; x_wconf 89' lang='lat' dir='ltr'>etsi</span> <span class='ocrx_word' id='word_1_144' title='bbox 244 2221 355 2286; x_wconf 91' lang='lat' dir='ltr'>statim</span> <span class='ocrx_word' id='word_1_145' title='bbox 366 2220 489 2285; x_wconf 89' lang='lat' dir='ltr'>vicisse</span> <span class='ocrx_word' id='word_1_146' title='bbox 500 2219 621 2295; x_wconf 89' lang='lat' dir='ltr'>debeo,</span> <span class='ocrx_word' id='word_1_147' title='bbox 636 2229 749 2283; x_wconf 90' lang='lat' dir='ltr'>tamen</span> <span class='ocrx_word' id='word_1_148' title='bbox 763 2220 807 2284; x_wconf 88' lang='lat' dir='ltr'>de</span> <span class='ocrx_word' id='word_1_149' title='bbox 821 2241 897 2285; x_wconf 87' lang='lat' dir='ltr'>meo</span> <span class='ocrx_word' id='word_1_150' title='bbox 907 2219 984 2307; x_wconf 90' lang='lat' dir='ltr'>jure</span> <span class='ocrx_word' id='word_1_151' title='bbox 997 2219 1177 2293; x_wconf 87' lang='lat' dir='ltr'>decedam,</span> <span class='ocrx_word' id='word_1_152' title='bbox 1189 2229 1227 2283; x_wconf 85' lang='lat' dir='ltr'>et·</span> 
     </span>
     <span class='ocr_line' id='line_1_21' title="bbox 170 2319 1226 2407; baseline -0.001 -20"><span class='ocrx_word' id='word_1_153' title='bbox 170 2321 230 2387; x_wconf 90' lang='lat' dir='ltr'>tibi</span> <span class='ocrx_word' id='word_1_154' title='bbox 253 2322 346 2407; x_wconf 94' lang='lat' dir='ltr'>quod</span> <span class='ocrx_word' id='word_1_155' title='bbox 370 2320 405 2384; x_wconf 93' lang='lat' dir='ltr'>in</span> <span class='ocrx_word' id='word_1_156' title='bbox 426 2320 494 2383; x_wconf 90' lang='lat' dir='ltr'>alia</span> <span class='ocrx_word' id='word_1_157' title='bbox 512 2340 617 2383; x_wconf 92' lang='lat' dir='ltr'>causa</span> <span class='ocrx_word' id='word_1_158' title='bbox 635 2340 704 2384; x_wconf 91' lang='lat' dir='ltr'>non</span> <span class='ocrx_word' id='word_1_159' title='bbox 721 2320 947 2387; x_wconf 86' lang='lat' dir='ltr'>concederem</span> <span class='ocrx_word' id='word_1_160' title='bbox 965 2319 1000 2383; x_wconf 91' lang='lat' dir='ltr'>in</span> <span class='ocrx_word' id='word_1_161' title='bbox 1018 2319 1084 2383; x_wconf 87' lang='lat' dir='ltr'>hac</span> <span class='ocrx_word' id='word_1_162' title='bbox 1101 2339 1226 2385; x_wconf 88' lang='lat' dir='ltr'>conce·.</span> 
     </span>
     <span class='ocr_line' id='line_1_22' title="bbox 171 2418 1225 2508; baseline -0.001 -21"><span class='ocrx_word' id='word_1_163' title='bbox 171 2422 265 2494; x_wconf 91' lang='lat' dir='ltr'>dam,</span> <span class='ocrx_word' id='word_1_164' title='bbox 284 2422 390 2485; x_wconf 80' lang='lat' dir='ltr'>fretus</span> <span class='ocrx_word' id='word_1_165' title='bbox 407 2419 507 2508; x_wconf 87' lang='lat' dir='ltr'>hujus</span> <span class='ocrx_word' id='word_1_166' title='bbox 525 2419 733 2487; x_wconf 90' lang='lat' dir='ltr'>innocentia.</span> <span class='ocrx_word' id='word_1_167' title='bbox 782 2418 864 2484; x_wconf 91' lang='lat' dir='ltr'>Non</span> <span class='ocrx_word' id='word_1_168' title='bbox 882 2439 1010 2505; x_wconf 88' lang='lat' dir='ltr'>quaero</span> <span class='ocrx_word' id='word_1_169' title='bbox 1027 2419 1137 2484; x_wconf 90' lang='lat' dir='ltr'>abste</span> <span class='ocrx_word' id='word_1_170' title='bbox 1153 2440 1225 2505; x_wconf 84' lang='lat' dir='ltr'>qua</span> 
     </span>
     <span class='ocr_line' id='line_1_23' title="bbox 170 2517 1223 2606; baseline -0.002 -21"><span class='ocrx_word' id='word_1_171' title='bbox 170 2542 208 2587; x_wconf 89' lang='lat' dir='ltr'>re</span> <span class='ocrx_word' id='word_1_172' title='bbox 228 2531 359 2606; x_wconf 87' lang='lat' dir='ltr'>patrem</span> <span class='ocrx_word' id='word_1_173' title='bbox 379 2519 464 2585; x_wconf 85' lang='lat' dir='ltr'>Sex.</span> <span class='ocrx_word' id='word_1_174' title='bbox 484 2517 635 2585; x_wconf 90' lang='lat' dir='ltr'>Roscius</span> <span class='ocrx_word' id='word_1_175' title='bbox 660 2517 842 2584; x_wconf 89' lang='lat' dir='ltr'>occiderit:</span> <span class='ocrx_word' id='word_1_176' title='bbox 875 2538 1003 2603; x_wconf 84' lang='lat' dir='ltr'>quaero</span> <span class='ocrx_word' id='word_1_177' title='bbox 1027 2540 1095 2603; x_wconf 94' lang='lat' dir='ltr'>quo</span> <span class='ocrx_word' id='word_1_178' title='bbox 1119 2518 1223 2583; x_wconf 87' lang='lat' dir='ltr'>modo</span> 
     </span>
     <span class='ocr_line' id='line_1_24' title="bbox 170 2617 1221 2706; baseline -0.005 -19"><span class='ocrx_word' id='word_1_179' title='bbox 170 2619 344 2687; x_wconf 87' lang='lat' dir='ltr'>occiderit.</span> <span class='ocrx_word' id='word_1_180' title='bbox 394 2620 445 2684; x_wconf 88' lang='lat' dir='ltr'>Ita</span> <span class='ocrx_word' id='word_1_181' title='bbox 470 2640 599 2706; x_wconf 89' lang='lat' dir='ltr'>quaero</span> <span class='ocrx_word' id='word_1_182' title='bbox 628 2619 689 2683; x_wconf 92' lang='lat' dir='ltr'>abs</span> <span class='ocrx_word' id='word_1_183' title='bbox 718 2629 762 2693; x_wconf 90' lang='lat' dir='ltr'>te,</span> <span class='ocrx_word' id='word_1_184' title='bbox 789 2617 832 2684; x_wconf 88' lang='lat' dir='ltr'>C.</span> <span class='ocrx_word' id='word_1_185' title='bbox 859 2617 976 2693; x_wconf 87' lang='lat' dir='ltr'>Eruci,</span> <span class='ocrx_word' id='word_1_186' title='bbox 1003 2638 1070 2703; x_wconf 95' lang='lat' dir='ltr'>quo</span> <span class='ocrx_word' id='word_1_187' title='bbox 1099 2618 1221 2691; x_wconf 90' lang='lat' dir='ltr'>modo;</span> 
     </span>
     <span class='ocr_line' id='line_1_25' title="bbox 171 2717 1222 2807; baseline -0.005 -21"><span class='ocrx_word' id='word_1_188' title='bbox 171 2731 204 2786; x_wconf 90' lang='lat' dir='ltr'>et</span> <span class='ocrx_word' id='word_1_189' title='bbox 227 2720 277 2786; x_wconf 90' lang='lat' dir='ltr'>sic</span> <span class='ocrx_word' id='word_1_190' title='bbox 299 2731 412 2786; x_wconf 88' lang='lat' dir='ltr'>tecum</span> <span class='ocrx_word' id='word_1_191' title='bbox 439 2741 556 2807; x_wconf 84' lang='lat' dir='ltr'>agam,</span> <span class='ocrx_word' id='word_1_192' title='bbox 577 2728 616 2783; x_wconf 92' lang='lat' dir='ltr'>ut</span> <span class='ocrx_word' id='word_1_193' title='bbox 639 2739 717 2784; x_wconf 91' lang='lat' dir='ltr'>meo</span> <span class='ocrx_word' id='word_1_194' title='bbox 740 2718 816 2783; x_wconf 92' lang='lat' dir='ltr'>loco</span> <span class='ocrx_word' id='word_1_195' title='bbox 838 2718 893 2781; x_wconf 87' lang='lat' dir='ltr'>vel</span> <span class='ocrx_word' id='word_1_196' title='bbox 916 2717 1146 2802; x_wconf 88' lang='lat' dir='ltr'>respondendi</span> <span class='ocrx_word' id='word_1_197' title='bbox 1165 2717 1222 2781; x_wconf 92' lang='lat' dir='ltr'>vel</span> 
     </span>
     <span class='ocr_line' id='line_1_26' title="bbox 170 2816 1222 2907; baseline -0.003 -21"><span class='ocrx_word' id='word_1_198' title='bbox 170 2821 411 2907; x_wconf 89' lang='lat' dir='ltr'>interpellandi</span> <span class='ocrx_word' id='word_1_199' title='bbox 435 2819 494 2885; x_wconf 91' lang='lat' dir='ltr'>tibi</span> <span class='ocrx_word' id='word_1_200' title='bbox 512 2829 713 2906; x_wconf 88' lang='lat' dir='ltr'>potestatem</span> <span class='ocrx_word' id='word_1_201' title='bbox 730 2816 870 2893; x_wconf 83' lang='lat' dir='ltr'>faciam,</span> <span class='ocrx_word' id='word_1_202' title='bbox 886 2816 942 2881; x_wconf 92' lang='lat' dir='ltr'>vel</span> <span class='ocrx_word' id='word_1_203' title='bbox 959 2816 1075 2892; x_wconf 90' lang='lat' dir='ltr'>etiam,</span> <span class='ocrx_word' id='word_1_204' title='bbox 1093 2816 1121 2881; x_wconf 90' lang='lat' dir='ltr'>si</span> <span class='ocrx_word' id='word_1_205' title='bbox 1138 2817 1222 2902; x_wconf 90' lang='lat' dir='ltr'>quid</span> 
     </span>
     <span class='ocr_line' id='line_1_27' title="bbox 170 2920 550 3010; baseline -0.011 -22"><span class='ocrx_word' id='word_1_206' title='bbox 170 2924 279 2998; x_wconf 77' lang='lat' dir='ltr'>voleS,</span> <span class='ocrx_word' id='word_1_207' title='bbox 304 2920 550 3010; x_wconf 82' lang='lat' dir='ltr'>interrogandi.</span> 
     </span>
     <span class='ocr_line' id='line_1_28' title="bbox 159 3015 1230 3112; baseline -0.003 -26"><span class='ocrx_word' id='word_1_208' title='bbox 159 3090 161 3095; x_wconf 62' lang='grc'><strong>,</strong></span> <span class='ocrx_word' id='word_1_209' title='bbox 214 3038 261 3086; x_wconf 79' lang='lat' dir='ltr'>aa.</span> <span class='ocrx_word' id='word_1_210' title='bbox 286 3021 367 3112; x_wconf 57' lang='lat' dir='ltr'>(Quo</span> <span class='ocrx_word' id='word_1_211' title='bbox 398 3024 501 3088; x_wconf 92' lang='lat' dir='ltr'>modo</span> <span class='ocrx_word' id='word_1_212' title='bbox 533 3017 679 3086; x_wconf 87' lang='lat' dir='ltr'>occidit?</span> <span class='ocrx_word' id='word_1_213' title='bbox 742 3017 821 3103; x_wconf 92' lang='lat' dir='ltr'>Ipse</span> <span class='ocrx_word' id='word_1_214' title='bbox 853 3015 1031 3105; x_wconf 77' lang='lat' dir='ltr'>percussit,</span> <span class='ocrx_word' id='word_1_215' title='bbox 1066 3038 1109 3083; x_wconf 89' lang='lat' dir='ltr'>an</span> <span class='ocrx_word' id='word_1_216' title='bbox 1146 3015 1230 3083; x_wconf 89' lang='lat' dir='ltr'>aliis.</span> 
     </span>
     <span class='ocr_line' id='line_1_29' title="bbox 170 3116 1222 3205; baseline -0.009 -16"><span class='ocrx_word' id='word_1_217' title='bbox 170 3123 396 3190; x_wconf 90' lang='lat' dir='ltr'>occidendum</span> <span class='ocrx_word' id='word_1_218' title='bbox 429 3120 544 3188; x_wconf 86' lang='lat' dir='ltr'>dedit?</span> <span class='ocrx_word' id='word_1_219' title='bbox 606 3119 644 3186; x_wconf 90' lang='lat' dir='ltr'>Si</span> <span class='ocrx_word' id='word_1_220' title='bbox 676 3119 789 3205; x_wconf 88' lang='lat' dir='ltr'>ipsum</span> <span class='ocrx_word' id='word_1_221' title='bbox 822 3116 952 3203; x_wconf 87' lang='lat' dir='ltr'>arguis,</span> <span class='ocrx_word' id='word_1_222' title='bbox 985 3116 1121 3183; x_wconf 89' lang='lat' dir='ltr'>Romae</span> <span class='ocrx_word' id='word_1_223' title='bbox 1152 3138 1222 3181; x_wconf 93' lang='lat' dir='ltr'>non</span> 
     </span>
     <span class='ocr_line' id='line_1_30' title="bbox 171 3216 1222 3310; baseline -0.007 -23"><span class='ocrx_word' id='word_1_224' title='bbox 171 3223 252 3288; x_wconf 85' lang='lat' dir='ltr'>fuit:</span> <span class='ocrx_word' id='word_1_225' title='bbox 275 3224 303 3288; x_wconf 91' lang='lat' dir='ltr'>si</span> <span class='ocrx_word' id='word_1_226' title='bbox 319 3245 381 3310; x_wconf 88' lang='lat' dir='ltr'>per</span> <span class='ocrx_word' id='word_1_227' title='bbox 398 3223 483 3288; x_wconf 89' lang='lat' dir='ltr'>alios</span> <span class='ocrx_word' id='word_1_228' title='bbox 500 3221 622 3287; x_wconf 79' lang='lat' dir='ltr'>fecisse</span> <span class='ocrx_word' id='word_1_229' title='bbox 639 3220 737 3294; x_wconf 91' lang='lat' dir='ltr'>dicis,</span> <span class='ocrx_word' id='word_1_230' title='bbox 752 3238 881 3306; x_wconf 88' lang='lat' dir='ltr'>quaero</span> <span class='ocrx_word' id='word_1_231' title='bbox 899 3237 1060 3281; x_wconf 88' lang='lat' dir='ltr'>servosne</span> <span class='ocrx_word' id='word_1_232' title='bbox 1077 3237 1122 3299; x_wconf 81' lang='lat' dir='ltr'>an</span> <span class='ocrx_word' id='word_1_233' title='bbox 1137 3216 1222 3281; x_wconf 91' lang='lat' dir='ltr'>libe·</span> 
     </span>
     <span class='ocr_line' id='line_1_31' title="bbox 170 3313 1327 3410; baseline -0.011 -24"><span class='ocrx_word' id='word_1_234' title='bbox 170 3321 248 3388; x_wconf 89' lang='lat' dir='ltr'>ros?</span> <span class='ocrx_word' id='word_1_235' title='bbox 279 3325 398 3410; x_wconf 78' lang='lat' dir='ltr'>siper</span> <span class='ocrx_word' id='word_1_236' title='bbox 419 3324 558 3399; x_wconf 88' lang='lat' dir='ltr'>liberos,</span> <span class='ocrx_word' id='word_1_237' title='bbox 579 3342 665 3408; x_wconf 93' lang='lat' dir='ltr'>quos</span> <span class='ocrx_word' id='word_1_238' title='bbox 685 3315 865 3385; x_wconf 89' lang='lat' dir='ltr'>homines?</span> <span class='ocrx_word' id='word_1_239' title='bbox 897 3316 1094 3380; x_wconf 91' lang='lat' dir='ltr'>indidemne</span> <span class='ocrx_word' id='word_1_240' title='bbox 1116 3313 1224 3380; x_wconf 88' lang='lat' dir='ltr'>Arne·</span> <span class='ocrx_word' id='word_1_241' title='bbox 1323 3369 1327 3373; x_wconf 81' lang='lat'>.</span> 
     </span>
     <span class='ocr_line' id='line_1_32' title="bbox 171 3415 1229 3503; baseline -0.004 -18"><span class='ocrx_word' id='word_1_242' title='bbox 171 3421 234 3498; x_wconf 91' lang='lat' dir='ltr'>ria,</span> <span class='ocrx_word' id='word_1_243' title='bbox 258 3443 302 3486; x_wconf 92' lang='lat' dir='ltr'>an</span> <span class='ocrx_word' id='word_1_244' title='bbox 327 3424 432 3488; x_wconf 87' lang='lat' dir='ltr'>hosce</span> <span class='ocrx_word' id='word_1_245' title='bbox 455 3444 499 3487; x_wconf 88' lang='lat' dir='ltr'>ex</span> <span class='ocrx_word' id='word_1_246' title='bbox 523 3422 607 3487; x_wconf 90' lang='lat' dir='ltr'>urbe</span> <span class='ocrx_word' id='word_1_247' title='bbox 634 3417 797 3485; x_wconf 90' lang='lat' dir='ltr'>sicarios?</span> <span class='ocrx_word' id='word_1_248' title='bbox 829 3418 858 3483; x_wconf 92' lang='lat' dir='ltr'>si</span> <span class='ocrx_word' id='word_1_249' title='bbox 882 3415 1039 3491; x_wconf 88' lang='lat' dir='ltr'>Ameria,</span> <span class='ocrx_word' id='word_1_250' title='bbox 1063 3415 1120 3503; x_wconf 93' lang='lat' dir='ltr'>qui</span> <span class='ocrx_word' id='word_1_251' title='bbox 1145 3427 1229 3489; x_wconf 76' lang='lat' dir='ltr'>sunt,</span> 
     </span>
     <span class='ocr_line' id='line_1_33' title="bbox 172 3517 1225 3593; baseline -0.008 -7"><span class='ocrx_word' id='word_1_252' title='bbox 172 3521 230 3586; x_wconf 92' lang='lat' dir='ltr'>hi?</span> <span class='ocrx_word' id='word_1_253' title='bbox 262 3544 323 3586; x_wconf 91' lang='lat' dir='ltr'>cur</span> <span class='ocrx_word' id='word_1_254' title='bbox 348 3544 417 3587; x_wconf 93' lang='lat' dir='ltr'>non</span> <span class='ocrx_word' id='word_1_255' title='bbox 442 3518 681 3586; x_wconf 86' lang='lat' dir='ltr'>nominantur?</span> <span class='ocrx_word' id='word_1_256' title='bbox 713 3519 740 3583; x_wconf 89' lang='lat' dir='ltr'>si</span> <span class='ocrx_word' id='word_1_257' title='bbox 765 3518 894 3593; x_wconf 92' lang='lat' dir='ltr'>Roma,</span> <span class='ocrx_word' id='word_1_258' title='bbox 920 3517 1013 3584; x_wconf 89' lang='lat' dir='ltr'>unde</span> <span class='ocrx_word' id='word_1_259' title='bbox 1037 3537 1096 3581; x_wconf 89' lang='lat' dir='ltr'>eos</span> <span class='ocrx_word' id='word_1_260' title='bbox 1119 3536 1225 3583; x_wconf 84' lang='lat' dir='ltr'>nove-</span> 
     </span>
     <span class='ocr_line' id='line_1_34' title="bbox 172 3615 1223 3707; baseline -0.008 -21"><span class='ocrx_word' id='word_1_261' title='bbox 172 3633 224 3686; x_wconf 90' lang='lat' dir='ltr'>rat</span> <span class='ocrx_word' id='word_1_262' title='bbox 239 3622 401 3695; x_wconf 88' lang='lat' dir='ltr'>Roscius,</span> <span class='ocrx_word' id='word_1_263' title='bbox 415 3620 474 3707; x_wconf 94' lang='lat' dir='ltr'>qui</span> <span class='ocrx_word' id='word_1_264' title='bbox 490 3621 640 3686; x_wconf 91' lang='lat' dir='ltr'>Romam</span> <span class='ocrx_word' id='word_1_265' title='bbox 658 3618 772 3685; x_wconf 85' lang='lat' dir='ltr'>multis</span> <span class='ocrx_word' id='word_1_266' title='bbox 790 3618 888 3683; x_wconf 92' lang='lat' dir='ltr'>annis</span> <span class='ocrx_word' id='word_1_267' title='bbox 906 3639 975 3682; x_wconf 91' lang='lat' dir='ltr'>non</span> <span class='ocrx_word' id='word_1_268' title='bbox 992 3615 1096 3689; x_wconf 87' lang='lat' dir='ltr'>venit,</span> <span class='ocrx_word' id='word_1_269' title='bbox 1111 3635 1223 3700; x_wconf 90' lang='lat' dir='ltr'>neque</span> 
     </span>
     <span class='ocr_line' id='line_1_35' title="bbox 170 3712 1225 3808; baseline -0.009 -22"><span class='ocrx_word' id='word_1_270' title='bbox 170 3742 336 3808; x_wconf 89' lang='lat' dir='ltr'>umquam</span> <span class='ocrx_word' id='word_1_271' title='bbox 373 3721 450 3806; x_wconf 91' lang='lat' dir='ltr'>plus</span> <span class='ocrx_word' id='word_1_272' title='bbox 484 3720 596 3785; x_wconf 90' lang='lat' dir='ltr'>triduo</span> <span class='ocrx_word' id='word_1_273' title='bbox 628 3717 710 3782; x_wconf 87' lang='lat' dir='ltr'>fuit?</span> <span class='ocrx_word' id='word_1_274' title='bbox 750 3718 808 3785; x_wconf 90' lang='lat' dir='ltr'>ubi</span> <span class='ocrx_word' id='word_1_275' title='bbox 840 3738 899 3782; x_wconf 92' lang='lat' dir='ltr'>eos</span> <span class='ocrx_word' id='word_1_276' title='bbox 928 3713 1110 3783; x_wconf 89' lang='lat' dir='ltr'>convenit?</span> <span class='ocrx_word' id='word_1_277' title='bbox 1150 3712 1225 3799; x_wconf 94' lang='lat' dir='ltr'>qui·</span> 
     </span>
     <span class='ocr_line' id='line_1_36' title="bbox 172 3812 1224 3905; baseline -0.01 -20"><span class='ocrx_word' id='word_1_278' title='bbox 172 3840 251 3885; x_wconf 88' lang='lat' dir='ltr'>cum</span> <span class='ocrx_word' id='word_1_279' title='bbox 286 3821 419 3884; x_wconf 89' lang='lat' dir='ltr'>locutus</span> <span class='ocrx_word' id='word_1_280' title='bbox 454 3817 526 3885; x_wconf 86' lang='lat' dir='ltr'>est?</span> <span class='ocrx_word' id='word_1_281' title='bbox 564 3839 632 3905; x_wconf 93' lang='lat' dir='ltr'>quo</span> <span class='ocrx_word' id='word_1_282' title='bbox 668 3818 770 3882; x_wconf 91' lang='lat' dir='ltr'>modo</span> <span class='ocrx_word' id='word_1_283' title='bbox 805 3814 997 3902; x_wconf 88' lang='lat' dir='ltr'>persuasit?</span> <span class='ocrx_word' id='word_1_284' title='bbox 1053 3812 1224 3885; x_wconf 81' lang='lat' dir='ltr'>‘Pretium</span> 
     </span>
    </p>
   </div>
   <div class='ocr_carea' id='block_1_7' title="bbox 173 3913 1225 4004">
    <p class='ocr_par' dir='ltr' id='par_1_8' title="bbox 173 3913 1225 4004">
     <span class='ocr_line' id='line_1_37' title="bbox 173 3913 1225 4004; baseline -0.01 -18"><span class='ocrx_word' id='word_1_285' title='bbox 173 3921 289 3986; x_wconf 67' lang='lat' dir='ltr'>dedit!</span> <span class='ocrx_word' id='word_1_286' title='bbox 335 3919 401 3987; x_wconf 88' lang='lat' dir='ltr'>Cui</span> <span class='ocrx_word' id='word_1_287' title='bbox 421 3916 536 3986; x_wconf 88' lang='lat' dir='ltr'>dedit?</span> <span class='ocrx_word' id='word_1_288' title='bbox 567 3938 630 4004; x_wconf 91' lang='lat' dir='ltr'>per</span> <span class='ocrx_word' id='word_1_289' title='bbox 649 3937 752 4003; x_wconf 89' lang='lat' dir='ltr'>quem</span> <span class='ocrx_word' id='word_1_290' title='bbox 775 3913 890 3982; x_wconf 85' lang='lat' dir='ltr'>dedit?</span> <span class='ocrx_word' id='word_1_291' title='bbox 921 3915 1013 3980; x_wconf 89' lang='lat' dir='ltr'>unde</span> <span class='ocrx_word' id='word_1_292' title='bbox 1034 3924 1093 3980; x_wconf 89' lang='lat' dir='ltr'>aut</span> <span class='ocrx_word' id='word_1_293' title='bbox 1115 3933 1225 4000; x_wconf 90' lang='lat' dir='ltr'>quan·</span> 
     </span>
    </p>
   </div>
   <div class='ocr_carea' id='block_1_8' title="bbox 0 0 1388 4448">
    <p class='ocr_par' dir='ltr' id='par_1_9' title="bbox 0 0 1388 4448">
     <span class='ocr_line' id='line_1_38' title="bbox 0 0 1388 4448; baseline 0 0"><span class='ocrx_word' id='word_1_294' title='bbox 0 0 1388 4448; x_wconf 95' lang='lat' dir='ltr'> </span> 
     </span>
    </p>
   </div>
  </div>
 </body>
</html>
