2722 4438
172 295 294 367 x11.33.]
378 296 505 363 Praz’se
529 299 577 386 ῳ(
590 299 646 364 the
669 297 813 365 Patrnt
835 296 1006 365 Soldz'ers·
1159 316 1224 389 247

215 516 281 562 ΧΠ.
308 492 428 562 Placet
452 497 557 586 igitur
584 499 680 576 mihi,
710 508 823 585 patres
854 498 1049 586 conscripti,
1076 500 1225 589 legionis

169 596 319 664 Martiae
337 597 513 674 militibus,
528 609 561 665 et
578 599 701 685 eisqui
718 621 787 664 una
803 611 998 688 pugnantes
1011 601 1221 678 occiderunt,

169 708 430 765 monumentum
447 698 520 763 fieri
537 721 640 786 quam
658 700 920 785 amplissimum.
970 700 1105 789 Magna
1123 713 1223 788 atque

167 798 383 864 incredibilia
409 810 487 864 sunt
510 799 545 863 in
562 820 634 863 rem
652 800 827 885 publicam
845 799 947 888 hujus
972 800 1091 866 merita
1116 802 1225 889 legio-

167 900 234 965 nis.
286 899 386 964 Haec
407 919 444 965 se
468 899 579 985 prima
599 899 777 964 latrocinio
802 900 940 988 abrupit
959 899 1110 975 Antoni3
1137 902 1225 968 haec

167 999 276 1065 tenuit
294 997 445 1074 Albam3
480 1000 567 1065 haec
593 1020 630 1081 se
657 999 701 1065 ad
726 999 914 1074 Caesarem
939 1001 1099 1076 contulit;
1133 1001 1224 1069 hanc

136 1137 147 1149 s
166 1097 297 1163 imitata
314 1110 436 1184 quarta
454 1099 546 1185 legio
570 1119 688 1184 parem
714 1100 845 1164 virtutis
869 1100 1016 1187 gloriam
1040 1113 1223 1167 consecuta

166 1209 229 1262 est.
280 1194 416 1285 Quarta
445 1197 567 1262 victrix
594 1198 765 1264 desiderat
791 1199 987 1263 neminem:
1018 1220 1063 1264 ex
1095 1200 1223 1266 Martia
1266 1274 1269 1281 ,

165 1314 236 1362 non
264 1298 349 1362 nulli
372 1297 407 1361 in
433 1296 509 1381 ipsa
532 1296 675 1362 victoria
706 1298 939 1364 conciderunt.
988 1297 1021 1364 Ο
1053 1299 1223 1365 fortunata

165 1420 272 1473 mors,
299 1416 388 1483 quae
410 1407 553 1461 naturae
580 1396 693 1462 debita
720 1418 781 1482 pro
803 1399 913 1483 patria
938 1409 991 1465 est
1009 1398 1223 1484 potissimum

165 1497 322 1563 'reddital
369 1512 417 1561 aa.
441 1495 515 1561 Vos
535 1517 617 1561 vero
640 1496 771 1581 patriae
795 1508 893 1562 natos
913 1499 1053 1586 judico:
1077 1520 1222 1586 quorum

165 1596 269 1660 etiam
293 1616 458 1662 nomena
482 1593 596 1659 Marte
620 1606 683 1670 est,
702 1607 739 1661 ut
761 1596 853 1662 idem
877 1597 962 1662 deus
985 1599 1106 1664 urbem
1131 1599 1222 1666 hanc

164 1697 340 1784 gentibue,
367 1717 429 1761 vos
458 1694 538 1760 huic
564 1693 639 1759 urbi
668 1696 830 1781 genuisse
858 1696 1023 1761 videatur.
1071 1696 1112 1761 In
1137 1699 1221 1785 fuga

164 1795 267 1861 foeda
295 1816 388 1860 mors
416 1806 486 1859 est:
519 1794 555 1860 in
584 1794 726 1861 victoria
750 1793 911 1880 gloriosa.
961 1794 1098 1861 Etenim
1122 1796 1220 1863 Mars

163 1895 239 1980 ipse
256 1915 301 1959 ex
318 1893 392 1959 acie
408 1893 629 1959 fortissimum
645 1913 818 1981 quemque
834 1894 1009 1980 pignerari
1026 1896 1124 1962 solet.
1165 1895 1219 1961 Illi

163 1994 270 2081 igitur
297 1992 409 2078 impii,
422 2013 508 2079 quos
537 1991 721 2068 cecidistis,
739 1993 844 2061 etiam
870 1993 915 2058 ad
940 1993 1066 2059 inferos
1090 2016 1220 2080 poenae

162 2092 325 2179 parricidi
352 2094 467 2157 luent:
501 2114 563 2157 vos
590 2112 685 2167 vero,
704 2092 762 2178 qui
788 2103 979 2157 extremum
1005 2093 1160 2179 spiritum
1184 2095 1219 2161 in

161 2193 305 2259 victoria
330 2191 509 2267 effudistis,
528 2191 663 2277 piorum
680 2191 760 2257 estis
776 2193 896 2257 sedem
912 2203 946 2257 et
961 2193 1074 2258 locum
1099 2215 1220 2261 conse·

162 2293 244 2358 cuti.
294 2291 415 2357 Brevis
433 2311 454 2356 a
470 2303 593 2356 natura
609 2290 708 2356 nobis
723 2291 792 2357 vita
809 2291 889 2357 data
906 2303 976 2357 est:
1002 2305 1038 2358 at
1054 2295 1219 2360 memoria
1317 2352 1321 2360 .

161 2393 252 2458 bene
280 2392 434 2457 redditae
462 2391 553 2457 vitae
581 2390 801 2476 sempiterna.
851 2389 955 2479 Quae
980 2393 1009 2458 si
1037 2414 1106 2459 non
1130 2405 1219 2460 esset

161 2492 299 2581 longior
327 2512 431 2579 quam
460 2492 548 2556 haec
575 2490 657 2565 vita,
687 2490 765 2575 quis
793 2503 883 2556 esset
909 2502 979 2556 tam
1008 2513 1128 2558 amens
1159 2494 1218 2581 qui

161 2592 323 2657 maximis
350 2591 525 2656 laboribus
553 2601 587 2655 et
614 2588 775 2674 periculis
807 2590 852 2655 ad
878 2612 1050 2657 summam
1079 2593 1217 2658 laudem

160 2692 378 2780 gloriamque
403 2687 646 2756 contenderet?
691 2706 738 2754 aa.
760 2687 890 2756 Actum
911 2689 1017 2777 igitur
1039 2695 1216 2776 praeclare

159 2792 352 2865 vobiscum,
381 2789 567 2864 fortissimi,
595 2789 677 2853 dum
707 2788 854 2863 vixistis,
881 2810 974 2854 nunc
1000 2811 1082 2855 vero
1113 2793 1216 2856 etiam

160 2889 367 2956 sanctissimi
385 2889 522 2964 milites,
547 2887 638 2974 quod
654 2899 768 2953 vestra
784 2888 890 2953 virtus
914 2909 1026 2975 neque
1044 2890 1216 2957 oblivione

159 3012 279 3056 eorum
304 2990 362 3077 qui
387 3008 480 3053 nunc
512 2999 603 3063 sunt,
632 3008 698 3052 nec
728 2988 903 3054 reticentia
926 3000 1139 3074 posterorum
1162 3012 1216 3056 se-

158 3092 255 3177 pulta
272 3110 348 3155 esse
374 3088 508 3174 poterit,
528 3108 606 3152 cum
630 3087 729 3153 vobis
752 3087 944 3154 immortale
968 3089 1215 3155 monimentum

158 3190 230 3255 suis
255 3210 366 3275 paene
384 3188 544 3253 manibus
561 3197 701 3253 senatus
718 3189 935 3274 populusque
951 3188 1132 3254 Romanus
1156 3211 1216 3255 ex·

107 3318 111 3323 ·
157 3289 331 3355 struxerit.
393 3287 495 3352 Multi
528 3307 633 3372 saepe
665 3287 836 3353 exercitus
868 3287 1020 3363 Punicis,
1054 3288 1212 3363 Gallicis,

157 3390 288 3455 Italicis
311 3388 411 3455 bellis
434 3387 520 3465 clari
545 3398 578 3452 et
602 3386 722 3475 magni
741 3387 890 3467 suerunt,
908 3408 973 3453 nec
996 3399 1111 3453 tamen
1135 3391 1214 3455 ullis

156 3491 226 3555 tale
243 3510 355 3576 genus
372 3488 513 3554 honoris
529 3487 691 3553 tributum
708 3496 772 3553 est.
804 3486 920 3573 Atque
935 3487 1067 3552 utinam
1083 3490 1214 3578 majora

157 3610 350 3674 possemus,
366 3588 505 3675 quando
518 3587 657 3674 quidem
675 3608 695 3652 a
710 3586 810 3652 vobis
825 3587 977 3652 maxima
994 3589 1212 3675 accepimusl

155 3687 230 3754 Vos
247 3689 291 3753 ab
308 3689 393 3754 urbe
410 3689 579 3754 furentem
595 3685 785 3754 Antonium
803 3687 992 3753 avertistisz
1015 3710 1077 3755 vos
1101 3690 1212 3755 redire

155 3789 357 3855 molientem
389 3788 596 3875 reppulistis.
660 3786 735 3852 Erit
764 3786 870 3874 igitur
900 3797 1072 3853 exstructa
1103 3790 1213 3856 moles

155 3910 261 3975 opere
294 3889 483 3977 magnifico
513 3886 710 3973 incisaeque
738 3884 882 3962 litterae,
913 3886 1050 3952 divinae
1080 3887 1212 3954 virtutis

156 3999 260 4057 testes
277 3988 530 4076 sempiternae:
554 4006 812 4074 numquamque
828 3985 872 4052 de
888 3985 985 4052 vobis
1002 4006 1134 4065 eorum,
1152 3990 1211 4077 qui
