2722 4438
191 322 193 326 »
214 275 278 344 188
564 274 722 362 Desence
745 275 794 360 os
805 273 907 343 Milo.
1155 271 1256 341 [an

211 474 355 541 Clodius
379 473 501 541 eadem
520 474 603 551 hora
628 474 846 540 Interamnae
869 473 980 540 fuerat
1003 490 1036 540 et
1059 474 1258 550 Romae,-

211 573 252 640 P.
271 572 431 641 Clodium
451 575 509 639 illo
529 574 585 640 die
607 574 642 640 in
665 573 803 640 Albano
827 595 1027 641 mansurum
1049 573 1175 648 fuisse3
1201 576 1257 641 sed
1339 646 1340 649 ,

211 674 320 740 subito
337 673 368 739 ei
385 695 459 740 esse
477 674 667 741 nuntiatum
684 672 817 760 Cyrum
835 675 1058 739 architectum
1075 693 1150 739 esse
1176 694 1258 739 mor·
1339 752 1340 779 1

209 784 319 850 tuum,
348 773 462 861 itaque
489 785 629 860 repente
657 775 807 840 Romam
836 774 1051 840 constituisse
1078 773 1257 859 proficisci.

211 874 308 940 Dixit
331 876 397 940 hoc
420 895 536 940 comes
559 875 640 940 item
664 874 703 939 P.
721 874 836 950 Clodi,
854 873 898 941 C.
917 873 1073 940 Clodius.

255 995 360 1040 xvru.
384 992 430 1040 tr.
453 975 591 1051 Videte,
612 975 759 1063 judices,
787 986 936 1061 quantae
952 996 1018 1057 res
1036 975 1088 1040 his
1115 972 1259 1040 testimo·

209 1075 275 1141 niis
292 1076 359 1143 sint
374 1076 562 1143 confectae.
610 1074 764 1140 Primum
782 1087 873 1141 certe
896 1075 1059 1141 liberatur
1082 1074 1171 1139 Milo
1194 1096 1259 1138 non

210 1197 252 1241 eo
268 1177 411 1243 consilio
427 1176 598 1263 profectus
615 1197 703 1251 esse,
715 1186 752 1241 ut
768 1175 985 1241 insidiaretur
1000 1176 1035 1241 in
1051 1175 1108 1242 via
1118 1173 1259 1241 Clodio:

211 1275 351 1362 quippe,
384 1277 430 1367 Si.
445 1278 502 1343 ille
529 1275 650 1342 obvius
677 1276 709 1341 ei
741 1275 874 1342 futurus
905 1276 1045 1341 omnino
1076 1297 1145 1341 nou
1177 1286 1258 1341 erat.

211 1375 483 1443 Deinde-non
521 1376 613 1442 enim
652 1376 753 1442 video
784 1396 845 1441 cur
881 1398 949 1442 non
982 1398 1096 1441 meum
1127 1397 1261 1462 quoque

211 1498 315 1565 agam
347 1476 697 1567 negotium—scitis,
727 1476 874 1565 judices,
907 1476 1013 1542 fuisse
1043 1476 1101 1563 qui
1131 1476 1166 1540 in
1198 1478 1262 1542 hac
1340 1492 1341 1541 Ψ

211 1577 389 1665 rogatione
425 1577 602 1644 suadenda
634 1576 786 1641 dicerent
817 1574 958 1642 Milonis
990 1598 1092 1641 manu
1121 1577 1261 1642 caedem
1340 1568 1341 1617 1

212 1698 287 1743 esse
304 1677 443 1753 factam,
462 1675 604 1743 consilio
620 1696 701 1741 vero
719 1676 856 1764 majoris
874 1675 1030 1764 alicujus.
1068 1675 1130 1740 Me
1146 1675 1262 1741 videli-

213 1787 267 1842 cet
293 1778 460 1843 latronem
488 1796 530 1842 ac
561 1775 721 1841 sicarium
753 1775 875 1863 abjecti
903 1775 1058 1841 homines
1087 1786 1120 1841 et
1143 1775 1262 1860 perditi

211 1877 462 1942 describebant.
507 1875 631 1962 Jacent
653 1875 724 1940 suis
747 1874 887 1940 testibus
919 1874 986 1962 [ei]
1021 1875 1080 1962 qui
1104 1874 1263 1941 Clodium

210 1987 344 2062 negant
367 1996 409 2042 eo
434 1975 489 2042 die
506 1975 670 2049 Romam,
698 1973 763 2039 nisi
790 1975 833 2040 de
855 1974 949 2061 Cyro
973 1975 1136 2051 audisset,
1162 1975 1263 2041 fuisse

214 2074 413 2139 rediturum.
463 2073 659 2159 Respiravi,
678 2073 839 2139 liberatus
856 2096 952 2148 sum3
986 2097 1053 2140 uon
1071 2096 1192 2141 vereor
1207 2097 1261 2151 ne,
1341 2074 1342 2095 ¹

214 2174 304 2259 quod
318 2195 361 2239 ne
374 2173 540 2259 suspicari
553 2172 691 2259 quidem
705 2174 885 2257 potuerim,
899 2174 1017 2240 videar
1032 2175 1066 2240 id
1080 2174 1261 2262 cogitasse.
1341 2196 1342 2201 ¹

214 2290 259 2338 ts.
282 2271 388 2338 Nunc
403 2293 590 2360 persequar
606 2283 731 2337 cetera.
765 2272 858 2337 Nam
875 2275 1022 2339 occurrit
1037 2274 1143 2341 illud:
1175 2275 1264 2364 ‘lgi-

213 2385 268 2439 tur
290 2395 334 2438 ne
358 2372 501 2440 Clodius
523 2372 661 2460 quidem
687 2372 729 2437 de
751 2371 883 2439 insidiis
907 2374 1081 2462 cogitavit,
1103 2375 1263 2462 quoniam

213 2473 276 2549 fuit
306 2473 341 2537 in
371 2471 511 2539 Albano
535 2472 739 2537 mansurus?
797 2471 835 2538 Si
866 2474 1006 2560 quidem
1037 2475 1191 2541 exiturus
1222 2476 1264 2540 ad

214 2574 356 2639 caedem
385 2593 404 2637 e
430 2572 512 2636 villa
537 2593 606 2636 non
634 2570 763 2637 fuisset.
812 2572 925 2640 Video
953 2574 1045 2638 enim
1069 2575 1179 2652 illum,
1207 2574 1263 2662 qui
1342 2614 1343 2627 .

213 2674 345 2740 dicatur
368 2672 411 2738 de
428 2671 511 2759 Cyri
529 2682 635 2737 morte
655 2672 843 2749 nuntiasse,
862 2695 930 2738 non
947 2674 982 2740 id
998 2675 1185 2751 nuntiasse,
1204 2676 1264 2741 sed
1342 2670 1343 2677 '

213 2774 381 2841 Milonem
401 2773 690 2859 appropinquare.
738 2770 831 2837 Nam
849 2774 930 2859 quid
955 2775 998 2840 de
1015 2774 1109 2863 Cyro
1133 2776 1264 2841 nuntia·

212 2885 276 2950 ret,
293 2895 395 2961 quern
413 2871 555 2939 Clodius
575 2873 690 2937 Roma
714 2873 933 2957 proficiscens
958 2875 1141 2961 reliquerat
1163 2876 1264 2942 mori·

212 2972 348 3041 entem?
393 2972 473 3038 Una
498 2972 559 3048 fui,
585 2984 822 3044 testamentum
848 2973 949 3038 simul
974 2976 1155 3063 obsignavi
1185 2996 1263 3042 cum

212 3075 355 3142 Clodio:
403 3083 643 3140 testamentum
670 3083 783 3137 autem
811 3074 926 3158 palam
951 3074 1092 3149 fecerat,
1110 3087 1144 3144 et
1167 3077 1262 3141 illum

96 3172 98 3185 ’
212 3176 375 3241 heredem
395 3184 427 3238 et
452 3194 507 3239 me
535 3172 730 3258 scripserat.
780 3171 895 3259 Quem
927 3174 1036 3259 pridie
1056 3176 1141 3241 hora
1166 3175 1263 3242 tertia

213 3274 362 3338 animam
386 3273 558 3338 efflantem
583 3271 786 3359 reliquisset,
806 3294 883 3337 eum
909 3285 1080 3339 mortuum
1103 3273 1262 3362 postridie
1341 3304 1343 3337 1

212 3374 297 3438 hora
313 3373 447 3437 decima
464 3356 612 3459 denique
632 3373 662 3437 ei
686 3372 927 3438 nuntiabatur?

257 3492 334 3537 xrx.
360 3489 407 3536 49.
430 3472 523 3561 Age,
553 3472 596 3538 sit
631 3472 677 3537 ita
713 3471 853 3537 facturn.
919 3471 1021 3560 (Quae
1060 3495 1165 3540 causa
1202 3491 1262 3537 cur

212 3572 363 3639 Romam
401 3570 620 3665 properaret?
658 3592 719 3636 cur
750 3571 785 3635 in
823 3582 958 3637 noctem
997 3595 1035 3639 se
1073 3567 1261 3640 coniceret?

212 3671 347 3757 Ecquid
371 3670 545 3737 adferebat
563 3671 800 3745 festinationis,
821 3673 913 3757 quod
932 3674 1032 3738 heres
1052 3673 1146 3738 erat?
1190 3669 1260 3736 Pri·

214 3793 320 3845 mum,
344 3781 417 3835 erat
439 3770 524 3834 nihil
547 3791 608 3836 cur
630 3783 809 3855 properato
829 3792 915 3857 opus
939 3785 1048 3838 esset:
1078 3773 1209 3846 deinde,
1231 3766 1258 3832 si

213 3871 295 3958 quid
312 3879 413 3944 esset,
431 3869 513 3955 quid
538 3869 676 3937 tandem
704 3882 777 3935 erat
803 3872 894 3957 quod
921 3893 961 3937 ea
979 3882 1077 3939 nocte
1101 3864 1256 3955 consequi

214 3980 340 4057 posset,
368 3969 535 4035 amitteret
565 3980 678 4034 autern
710 3971 738 4036 si
771 3971 933 4057 postridie
949 3956 953 3967 ⁸
971 3973 1121 4040 Romam
1160 3986 1257 4037 mane
