2760 4448
131 291 273 364 uuu164]
304 292 433 358 Gavius
456 294 486 358 is
509 292 694 382 Scourged
713 295 788 361 and
815 293 851 361 Τ
845 295 1002 362 ortured.
1104 311 1148 384 53

122 495 290 579 pulsurum,
317 493 570 581 cruciatumque
599 515 619 558 a
643 515 785 580 corpore
809 495 1033 584 dejecturum,
1060 496 1149 564 arbi-

50 632 53 639 »
122 596 261 659 trabatur.
311 593 343 659 Is
367 616 436 658 non
461 595 563 659 modo
580 595 646 659 hoc
662 617 731 659 non
747 596 901 680 perfecit,
920 608 956 660 ut
971 596 1148 683 virgarum

120 693 175 756 vim
196 695 452 778 deprecaretur3
477 692 551 766 sed,
570 714 648 757 cum
670 694 867 779 imploraret
882 694 1032 780 saepius,
1051 716 1148 760 usur-

119 804 260 880 paretque
277 815 402 858 nomen
419 793 578 868 civitatis,
593 814 840 869 crux-crux,
858 794 998 881 inquam
1009 832 1053 843 -
1064 793 1149 859 infe·

117 893 161 956 lici
185 905 216 957 et
241 915 459 968 aerumnoso,
487 893 545 980 qui
572 915 759 980 numquam
782 893 882 959 istam
904 905 1035 980 pestem
1054 894 1149 959 vide·

116 1004 167 1068 rat,
190 995 464 1080 comparabatur.

149 1112 243 1157 ux111.
269 1107 299 1154 o.
323 1093 356 1159 O
379 1113 506 1158 nomen
529 1093 630 1158 dulce
647 1092 833 1160 libertatisl
865 1093 898 1160 Ο
909 1094 967 1183 jus
983 1093 1148 1160 eximium

115 1204 231 1258 nostrae
244 1191 412 1258 civitatis!
445 1191 478 1259 Ο
494 1193 552 1257 lex
568 1192 704 1269 Porcia,
719 1195 883 1282 legesque
900 1192 1147 1279 Semproniae!

114 1289 299 1379 Ograviter
319 1293 524 1369 desiderata,
543 1303 576 1358 et
596 1292 781 1379 aliquando
804 1294 937 1360 reddita
961 1294 1052 1380 plebi
1077 1293 1150 1359 Ro·

113 1413 232 1471 manae,
259 1393 445 1458 tribunicia
473 1391 643 1478 potestasl
693 1391 830 1458 Hucine
861 1395 1000 1459 tandem
1031 1393 1148 1479 omnia

112 1492 301 1569 reciderunt,
321 1504 358 1557 ut
373 1492 458 1558 civis
475 1493 668 1568 Romanus,
687 1492 722 1556 in
739 1493 915 1579 provincia
935 1494 1052 1579 populi
1077 1492 1149 1559 Ro·

112 1592 201 1668 nani,
219 1593 252 1657 in
270 1593 401 1679 oppido
416 1591 679 1666 foederatorum,
699 1593 742 1656 ab
759 1594 874 1679 coqui
897 1593 1066 1658 beneficio
1089 1614 1149 1677 po-

112 1692 169 1774 puli
197 1692 352 1758 Romani
384 1692 487 1757 fascis
517 1702 551 1756 et
581 1692 710 1757 securis
738 1694 892 1768 haberet,
914 1693 1086 1778 deligatus
1113 1691 1149 1756 in

112 1789 171 1856 soro
193 1792 302 1881 virgis
329 1790 550 1857 caederetur?
599 1790 717 1875 Quid?
749 1813 827 1857 cum
852 1793 952 1878 ignes
976 1792 1150 1856 ardentes-

110 1911 164 1975 que
185 1892 338 1957 laminae
363 1892 533 1978 ceterique
558 1894 728 1956 cruciatus
753 1892 1034 1967 admovebantur,
1060 1892 1089 1957 si
1116 1904 1149 1957 te

112 1989 186 2058 illius
202 1995 331 2058 acerba
347 1992 540 2077 imploratio
556 2003 589 2056 et
604 2015 672 2057 vox
697 1993 901 2058 miserabilis
925 2015 993 2058 non
1018 1993 1150 2058 inhibe·

111 2090 168 2167 bat,
186 2115 229 2159 ne
253 2093 385 2160 civium
401 2093 540 2179 quidem
558 2091 809 2169 Romanorum,
828 2092 974 2179 quitum
993 2094 1146 2169 aderant,

111 2189 178 2256 fletu
204 2206 237 2260 et
263 2193 398 2281 gemitu
426 2192 579 2257 maximo
607 2192 892 2258 commovebare?
942 2193 983 2258 In
1011 2215 1149 2258 crucem

111 2299 139 2355 tu
159 2313 259 2382 agere
278 2314 384 2358 ausus
401 2313 438 2356 es
454 2313 675 2378 quemquam,
693 2293 752 2379 qui
769 2315 806 2358 se
823 2294 933 2358 civem
950 2293 1149 2359 Romanum

112 2411 173 2458 esse
202 2391 356 2461 diceret?
410 2405 438 2453 t.
462 2391 568 2457 Nolui
596 2402 666 2456 tarn
694 2394 915 2457 vehementer
946 2414 1051 2481 agere
1084 2395 1150 2458 hoc

111 2492 205 2575 prima
222 2494 371 2568 actione,
386 2492 541 2581 judices:
567 2491 673 2556 nolui.
721 2491 866 2558 Vidistis
890 2493 995 2569 enim,
1016 2503 1053 2557 ut
1077 2493 1150 2556 ani·

112 2593 147 2656 mi
169 2592 392 2660 multitudinis
414 2591 451 2656 iu
473 2591 574 2656 istum
599 2593 716 2659 dolore
741 2603 773 2656 et
795 2592 874 2657 odio
897 2604 931 2657 et
958 2592 1150 2657 communis

111 2694 238 2775 periculi
278 2704 371 2757 metu
407 2693 669 2757 concitarentur.
740 2690 851 2756 Statui
890 2702 1027 2779 egomet
1065 2692 1149 2756 mihi

111 2801 169 2857 tum
195 2794 337 2861 modum
365 2790 508 2857 orationi
536 2811 648 2866 meae,
678 2801 712 2855 et
738 2789 781 2856 C.
811 2790 1018 2866 Numitorio,
1045 2791 1149 2878 equiti

111 2887 274 2968 Romano,
292 2892 401 2979 primo
418 2889 561 2965 homini,
580 2889 655 2955 testi
673 2910 770 2965 meo;
803 2901 837 2954 et
860 2890 1096 2966 Glabrionem,
1115 2891 1150 2956 id

112 2995 189 3077 quod
212 2991 464 3080 sapientissime
488 2989 579 3066 fecit,
602 2990 716 3055 facere
740 2991 884 3055 laetatus
915 3012 1004 3067 sum,
1030 3003 1067 3057 ut
1096 3013 1150 3055 re·

112 3106 198 3174 pente
221 3093 404 3161 consilium
428 3092 464 3155 in
489 3091 601 3156 medio
624 3090 816 3156 testimonio
839 3091 1032 3156 dimitteret.
1091 3091 1151 3156 Et·

112 3192 190 3258 enim
204 3178 446 3260 uerebatur'ne
463 3191 610 3276 populus
630 3190 811 3257 Romanus
831 3191 875 3255 ab
898 3191 962 3255 isto
985 3210 1046 3256 eas
1068 3211 1150 3277 poe·

113 3311 164 3357 uas
184 3295 218 3359 vi
242 3292 406 3379 repetisse
431 3291 615 3366 videretur,
638 3311 725 3377 quas
749 3291 876 3355 veritus
900 3301 989 3355 esset
1014 3313 1059 3356 ne
1086 3292 1149 3358 iste

114 3387 235 3477 legibus
252 3414 294 3457 ac
308 3404 421 3457 vestro
433 3390 563 3479 judicio
580 3412 649 3455 non
666 3401 755 3456 esset
771 3389 1016 3475 persoluturus.

147 3503 171 3550 8·
193 3493 310 3567 Nunc,
343 3492 506 3577 quoniam
541 3491 756 3574 exploratum
794 3502 844 3554 est
882 3490 1041 3557 omnibus
1081 3514 1149 3580 quo

116 3584 178 3656 loco
193 3614 297 3658 causa
314 3603 371 3656 tua
388 3592 442 3666 sit,
461 3590 591 3675 etquid
608 3591 650 3654 de
667 3600 699 3653 te
716 3589 866 3653 futurum
891 3590 943 3665 sit,
963 3591 1012 3655 sic
1036 3603 1148 3656 tecum

117 3704 226 3774 agam:
256 3691 403 3757 Gavium
418 3691 532 3764 istum,
546 3711 648 3775 quern
666 3688 880 3772 repentinum
899 3692 1148 3775 speculatorem

118 3783 206 3856 luisse
216 3793 314 3867 dicis,
325 3791 504 3858 ostendam
516 3789 550 3852 in
565 3789 747 3852 lautumias
758 3786 940 3874 Syracusis
955 3793 1015 3855 abs
1028 3804 1060 3855 te
1073 3812 1149 3854 esse

118 3891 304 3977 conjectum.
346 3891 469 3977 Neque
486 3890 520 3954 id
538 3889 648 3954 solum
661 3910 705 3952 ex
721 3888 839 3954 litteris
851 3890 1027 3954 ostendam
1042 3889 1150 3974 Syra·

120 4003 320 4069 cusanorum,
345 4012 388 4058 ne
416 3989 527 4077 possis
554 3988 668 4067 dicere
696 4010 765 4063 me,
789 3989 869 4076 quia
897 3990 940 4053 sit
966 3988 1089 4074 aliquis
1113 3989 1149 4053 in
