2722 4438
210 266 276 334 216
449 266 485 335 Τ
479 269 521 333 lae
543 268 689 335 Pardon
714 271 762 358 os
774 270 977 337 Marcellus.
1082 247 1084 251 ¹
1127 271 1229 342 [Mane.

207 468 301 534 ribus
316 468 404 534 tuis:
437 489 481 535 ex
497 490 565 555 quo
582 469 721 557 quidem
739 470 911 537 maximus
928 483 977 538 est
992 472 1116 538 sructus
1127 473 1232 561 jucun·

208 568 363 655 ditasque
389 568 544 655 sapienti.
625 580 717 635 etera
745 592 824 636 cum
852 584 910 636 tua
937 572 1165 651 recordabere,
1182 577 1233 642 etsi

207 668 515 754 persaepeairtuti,
529 567 863 756 meg-plerumque
879 670 1030 735 felicitati
1046 684 1121 750 tuae
1135 687 1236 763 gratu·
1323 698 1324 703 ¹

208 768 344 833 labere:
380 768 424 832 de
455 768 566 843 nobis,
595 790 681 856 quos
712 769 748 834 in
779 791 817 835 re
849 770 987 856 publica
1010 783 1119 838 tecum
1148 775 1236 840 simul

208 888 283 933 esse
306 867 455 943 voluisti,
477 868 634 954 quotiens
665 869 846 957 cogitabis,
876 870 999 937 totiens
1026 873 1069 938 de
1095 874 1236 940 maximis

206 968 273 1033 tuis
289 967 477 1044 beneficiis,
495 967 617 1034 totiens
635 969 677 1034 de
694 969 886 1035 incredibili
902 970 1115 1050 liberalitate,
1132 974 1238 1039 totiens
1324 980 1325 993 ¹

207 1069 251 1133 de
276 1067 442 1156 singulari
467 1069 636 1154 sapientia
659 1080 717 1134 tua
742 1070 932 1158 cogitabis:
957 1093 1046 1161 quae
1070 1095 1135 1139 non
1153 1076 1239 1138 modo

208 1190 343 1233 summa
374 1169 477 1244 bona,
503 1170 564 1235 sed
588 1169 751 1235 nimirum
779 1172 914 1238 audebo
944 1173 1001 1238 vel
1032 1173 1103 1239 sola
1127 1174 1238 1238 dicere.
1325 1218 1326 1221 κ

207 1268 341 1335 Tantus
362 1281 413 1335 est
429 1269 520 1335 enim
539 1270 700 1355 splendor
717 1271 752 1336 in
768 1246 984 1348 lffira,
1001 1245 1143 1339 taffiiu
1157 1293 1242 1359 mag·
1325 1304 1326 1307 ¹

208 1370 361 1435 nitudine
393 1370 498 1434 animi
521 1381 554 1435 et
578 1371 699 1437 consili
723 1371 888 1459 dignitas,
915 1384 952 1437 ut
976 1373 1065 1438 haec
1093 1393 1112 1436 a
1136 1372 1242 1436 virtute

208 1471 347 1546 donata,
371 1481 485 1536 cetera
513 1491 535 1534 a
558 1471 694 1536 fortuna
723 1473 955 1541 commodata·
963 1493 1042 1538 esse
1069 1472 1240 1537 videantur.

207 1589 256 1636 ao.
279 1570 360 1637 Noli
388 1570 492 1659 igitur
519 1570 555 1635 in
579 1572 826 1638 conservandis
850 1572 950 1638 bonis
973 1571 1058 1638 viris
1083 1570 1242 1658 defetigari

207 1693 330 1737 -non
356 1671 539 1757 cupiditate
561 1672 763 1757 praesertim
787 1672 903 1759 aliqua
924 1683 982 1737 aut
1002 1672 1164 1759 pravitate
1183 1671 1243 1755 lap

209 1773 268 1847 sis,
294 1772 355 1838 sed
382 1771 543 1884 opinione
571 1771 661 1836 offici
686 1773 788 1837 stulta
812 1773 1019 1888 fortasqg,
938 1785 1086 1838 ecerte
1108 1793 1172 1836 non
1192 1771 1243 1832 im·
1327 1854 1328 1861 ἵ

209 1874 329 1960 proba,
348 1882 381 1937 et
405 1872 519 1957 specie
543 1873 693 1958 quadarn
714 1850 964 1958 reipublicae:
997 1895 1068 1938 non
1090 1871 1175 1936 enim
1195 1882 1242 1933 tua

210 1975 312 2058 culpa
344 1983 394 2036 est
425 1972 453 2036 si
484 1982 517 2036 te
549 1972 653 2060 aliqui
682 1973 880 2048 timuerunt,
910 1983 1098 2060 contraque
1127 1993 1164 2037 su

209 2074 298 2147 laus,
317 2072 408 2158 quod
433 2072 573 2137 minime
597 2072 787 2137 timendum
811 2073 916 2139 fuisse
940 1989 1249 2235 semema*

255 2192 319 2236 vn.
342 2190 398 2287 pl
365 2170 524 2236 1Nunc
549 2172 650 2237 venio
678 2174 723 2238 ad
748 2173 989 2261 gravissimam
1016 2173 1146 2260 querell

211 2252 455 2337 atrocissimam
491 2271 713 2357 suspitionem
743 2285 852 2349 tuam,
885 2294 974 2360 quae
1006 2295 1078 2338 non
1108 2270 1199 2336 tibi
1191 2265 1246 2354 ipsi
1329 2318 1330 2341 ,

209 2373 322 2461 magis
338 2393 441 2458 quam
459 2393 537 2436 cum
553 2373 713 2438 omnibus
730 2373 861 2438 civibus
877 2384 949 2438 tum
974 2373 1126 2438 maxime
1148 2370 1242 2443 nobis,

209 2474 266 2560 qui
284 2495 303 2538 a
319 2484 352 2538 te
370 2473 560 2538 conservati
585 2494 716 2549 sumus,
736 2473 947 2558 providenda
966 2485 1037 2537 est:
1071 2493 1171 2560 quam
1193 2467 1244 2534 etsi

209 2596 308 2659 spero
325 2574 446 2638 salsam
465 2594 553 2648 esse,
572 2584 689 2637 tamen
706 2594 895 2659 numquam
915 2574 1110 2638 extenuabo
1132 2568 1242 2636 verbis.

208 2674 287 2739 Tua
315 2675 407 2741 enim
433 2673 545 2740 cautio
569 2685 685 2739 nostra
710 2673 822 2738 cautio
846 2683 909 2748 est,
927 2683 964 2737 ut
988 2672 1015 2737 si
1039 2673 1077 2737 in
1101 2673 1244 2736 alterutro

207 2777 422 2862 peccandum
447 2776 500 2853 sit
519 2775 637 2869 malim
654 2773 763 2839 videri
780 2772 882 2837 nimis
906 2772 1044 2837 timidus
1070 2792 1171 2858 quarn
1193 2787 1244 2853 pa·

207 2900 282 2942 rum
300 2878 461 2963 prudens
512 2876 583 2943 Sed
599 2875 760 2992 quisnam
776 2884 827 2938 est
841 2872 904 2937 iste
920 2883 989 2936 tam
1007 2868 1170 2936 demens?
1200 2867 1244 2931 De

205 2978 396 3044 tuisnei-
406 2978 540 3044 tametsi
557 2978 614 3065 qui
640 2975 752 3064 magis
777 2983 855 3039 sunt
877 2971 925 3038 tui
948 2992 1051 3058 quam
1077 2971 1196 3057 quibus
1216 2977 1244 3029 tu

207 3082 351 3146 salutem
366 3079 618 3166 insperantibus
634 3072 889 3142 reddidisti?-
899 3093 944 3137 an
957 3092 1001 3136 ex
1018 3072 1084 3137 hoc
1101 3087 1243 3140 numero,

207 3182 264 3266 qui
288 3202 357 3247 una
377 3193 493 3271 tecum
514 3177 671 3244 suerunt?
718 3176 800 3241 Non
824 3182 876 3239 est
898 3170 1070 3237 credibilis
1086 3181 1196 3235 tantus
1216 3166 1245 3227 in

207 3282 277 3344 ullo
309 3269 472 3356 furor,ut
435 3272 569 3368 uquo
601 3279 689 3344 duce
720 3275 836 3343 omnia
868 3291 1002 3338 summa
1030 3271 1072 3336 sit
1099 3270 1243 3353 adeptus,

207 3381 314 3467 hujus
324 3380 429 3446 vitam
446 3402 514 3446 non
531 3389 715 3463 anteponat
731 3397 827 3443 suae
877 3373 936 3439 An
953 3393 981 3436 s1
972 3369 1083 3434 nihil
1100 3368 1148 3434 tui
1163 3363 1246 3451 cogi·

207 3491 279 3544 tant
306 3480 458 3555 sceleris
476 3480 669 3546 cavendum
700 3487 752 3542 est
782 3497 825 3540 ne
852 3474 936 3562 quid
967 3468 1118 3536 inimici?
1164 3459 1246 3549 Oui?

209 3600 327 3646 omnes
355 3578 461 3654 enim,
487 3580 545 3675 qui
573 3578 721 3651 suerunt,
752 3587 810 3641 aut
840 3595 904 3641 sua
935 3569 1122 3660 pertinacia
1152 3566 1246 3631 vitam

211 3678 408 3752 amiserunt,
438 3689 496 3742 aut
522 3689 579 3743 tua
607 3675 838 3741 misericordia
870 3673 1102 3744 retinuerunt,
1134 3677 1170 3730 ut
1198 3669 1247 3726 aut

211 3778 293 3846 nulli
320 3775 490 3863 supersint
512 3777 587 3843 de
579 3776 738 3850 mimicis,
762 3783 821 3839 aut
843 3773 901 3887 qui
926 3772 1061 3837 luerunt
1085 3768 1152 3871 sint
1174 3760 1247 3828 ami·

210 3876 348 3943 cissimi.
397 3893 445 3940 22.
480 3875 551 3940 Sed
587 3886 701 3939 tamen
737 3895 816 3938 cum
850 3873 886 3937 in
922 3871 1045 3937 animis
1081 3856 1246 3934 homiuum

209 3987 324 4041 tantae
347 3974 498 4040 latebrae
520 3973 586 4037 sint
606 3985 638 4037 et
661 3973 744 4037 tanti
767 3993 937 4049 recessus,
960 3989 1149 4067 augeamus
1172 3979 1247 4031 sane

983 4096 1134 4125 ''ss-anm·
