2572 4442
161 464 228 509 xx.
254 461 301 508 53.
325 442 514 528 Reliquum
538 452 588 508 est
611 453 648 506 ut
667 441 710 506 de
728 439 782 527 Q
796 440 911 507 Catuli
928 438 1056 506 auctori
1058 448 1126 503 tate
1046 320 1244 502 WeY

115 545 288 610 sententia
306 543 490 608 dicendum
508 563 584 607 esse
599 541 767 606 videatur.
818 539 985 625 Quicum
1010 562 1054 605 ex
1076 537 1175 603 vobis

114 657 312 731 quaereret,
334 642 418 708 siin
441 663 511 706 uno
535 639 602 706 Cn.
621 640 787 725 Pompeio
806 639 922 705 omnia
943 638 1126 726 poneretis,
1145 636 1174 702 si

114 746 199 830 quid
220 766 263 808 eo
283 744 412 807 factum
431 751 534 817 esset,
552 741 585 804 in
607 762 674 826 quo
696 762 792 826 spem
816 740 934 806 essetis
959 738 1176 812 habituri„-

116 844 209 928 cepit
233 864 401 930 magnum
418 862 502 907 suae
519 842 649 905 virtutis
666 840 814 904 fructum
831 860 872 904 ac
888 839 1076 927 dignitatis,
1095 859 1173 902 cum

115 965 240 1009 omnes
258 965 326 1007 una
344 963 449 1027 prope
466 962 550 1006 voce
567 941 602 1004 in
621 939 699 1028 [eo]
717 940 792 1025 ipso
808 962 869 1005 vos
885 961 982 1025 spem
1000 938 1174 1004 habituros

115 1064 195 1109 esse
212 1042 361 1107 dixistis.
402 1041 540 1105 Etenim
556 1040 633 1105 talis
650 1052 701 1105 est
716 1040 781 1115 vir,
795 1051 832 1104 ut
848 1041 943 1104 nulla
959 1060 1014 1103 res
1027 1048 1120 1102 tanta
1133 1036 1176 1102 sit

114 1163 159 1207 ac
178 1155 252 1206 tarn
269 1141 429 1216 difficilis,
447 1162 552 1227 quam
568 1140 627 1205 ille
644 1162 712 1205 non
730 1151 763 1204 et
778 1140 920 1205 consilio
937 1160 1058 1227 regere
1075 1150 1109 1203 et
1124 1139 1175 1202 in-

113 1243 278 1329 tegritate
302 1240 389 1306 tueri
405 1252 446 1306 et
469 1241 590 1333 virtute
611 1241 780 1306 conficere
799 1240 918 1325 possit.
967 1238 1041 1304 Sed
1056 1238 1092 1303 in
1109 1239 1175 1303 hoc

113 1342 194 1426 ipso
212 1343 257 1406 ab
273 1362 315 1406 eo
330 1341 631 1406 vehementissime
652 1339 827 1416 dissentio,
846 1338 951 1427 quod,
968 1360 1037 1427 quo
1061 1338 1175 1404 minus

113 1454 213 1506 certa
238 1452 290 1506 est
313 1441 491 1506 hominum
515 1461 556 1506 ac
574 1441 686 1506 minus
702 1441 863 1507 diuturna
878 1440 960 1516 vita,
980 1441 1046 1505 hoc
1062 1439 1175 1527 magis

112 1565 172 1607 res
193 1542 344 1654 publica,
363 1542 445 1605 dum
463 1563 524 1625 per
543 1542 626 1605 deos
650 1541 851 1606 immortalis
875 1541 966 1616 licet,
985 1540 1051 1604 frui
1075 1540 1176 1604 debet

112 1641 248 1708 summi
267 1642 329 1705 viri
348 1641 416 1705 vita
439 1653 541 1727 atque
563 1642 715 1706 virtute.
744 1658 794 1705 oo.
819 1640 889 1705 ‘At
910 1641 1001 1706 enirn
1027 1639 1175 1726 nequid

112 1765 294 1830 nffl
233 1742 294 1805 fiat
325 1754 442 1806 contra
474 1663 809 1826 exemffisse·
800 1740 950 1804 instituta
982 1739 1176 1827 majorum!

112 1822 214 1907 Π
228 1842 342 1907 dicam
367 1842 433 1906 hoc
456 1842 533 1906 loco
557 1840 704 1929 majores
725 1851 858 1906 nostros
879 1861 1015 1925 semper
1034 1839 1070 1904 in
1088 1860 1176 1923 pace

113 1940 399 2016 consuetudini,
390 1962 426 2004 m
442 1941 534 2006 bello
550 1940 685 2005 utilitati
700 1941 877 2025 paruisse3
903 1961 1039 2025 semper
1055 1940 1100 2005 ad
1115 1961 1176 2004 no·

113 2064 183 2106 vos
202 2062 305 2106 casus
321 2053 511 2125 temporum
530 2062 696 2105 novorum
714 2040 934 2109 consiliorum
951 2040 1099 2105 rationes
1115 2040 1207 2105 ad·
1263 2100 1285 2131 Ι,

114 2140 381 2207 commodasse.
410 2161 479 2203 non
499 2139 612 2205 dicam
628 2140 697 2205 duo
713 2141 804 2205 bella
821 2118 1190 2216 ωακίηιαᾟιηὶουηι
1192 2150 1222 2197 t
1228 2076 1278 2193 bl·

10 2236 15 2245 '
115 2255 224 2326 atque
249 2239 494 2324 Hispaniense,
519 2240 562 2303 ab
586 2261 656 2304 uno
679 2239 884 2326 imperatore
906 2261 983 2306 esse
1004 2239 1173 2314 confecta,

115 2341 276 2425 duasque
292 2339 385 2404 urbis
401 2339 666 2424 potentissimas
684 2361 774 2427 quae
794 2341 907 2406 huic
898 2336 1042 2426 imperio
1067 2340 1176 2404 maxi-

115 2462 175 2505 me
200 2438 457 2515 minitabantur,
477 2439 534 2504 K
500 2440 732 2547 ωσι
756 2452 857 2527 atque
874 2440 1112 2515 Numantiam,
1131 2440 1175 2504 ab

114 2540 246 2608 eodem
258 2538 420 2624 Scipione
432 2530 686 2604 essedel'e't'a‘s:
693 2562 762 2605 non
776 2538 1053 2606 commemorabo
1066 2561 1176 2625 nuper

112 2641 165 2706 ita
180 2638 280 2704 vobis
296 2639 516 2751 patribusque
533 2640 653 2704 vestris
671 2661 746 2705 esse
770 2641 896 2717 visum,
916 2653 954 2705 ut
977 2641 1012 2704 in
1035 2661 1105 2705 uno
1129 2638 1173 2705 C.

113 2740 236 2806 Mario
260 2760 339 2823 spes
364 2738 485 2823 imperi
509 2752 704 2823 poneretur,
726 2751 765 2802 ut
784 2740 877 2803 idem
897 2761 975 2804 cum
987 2740 1173 2827 iugurtha,
1186 2740 1239 2789 nt

114 2840 212 2906 idem
231 2859 309 2903 cum
327 2836 404 2903 Cim
440 2806 516 2853 ³¹
507 2838 599 2902 idern
618 2859 697 2902 cum
713 2811 883 2931 Teuiriiris
889 2838 1024 2915 bellum
1037 2830 1176 2917 admi-[1-

118 2941 266 3025 Q.
315 2955 357 3002 ol.
400 2961 422 3002 n
446 2939 520 3023 ipso
545 2936 612 3003 Cn.
636 2936 814 3024 Pompelo,
839 2937 874 3002 in
898 2959 966 3024 quo
990 2938 1070 3002 novi
1094 2958 1175 3002 con-

115 3039 211 3105 stitui
240 3039 325 3102 nihil
353 3039 423 3103 volt
450 3037 504 3122 Q
529 3036 687 3114 Catulus,
713 3061 818 3126 quam
849 3040 956 3102 multa
987 3037 1055 3123 sr-pt
1084 3059 1174 3103 nova

14 3212 20 3219 ,
113 3158 257 3204 summa
289 3137 343 3222 Q
367 3137 482 3204 Catuli
513 3138 687 3204 voluntate
719 3139 900 3204 constituta
930 3137 1171 3215 recordamini.

3 3288 13 3299 .
112 3260 197 3305 xx1.
227 3236 323 3323 Quid
354 3250 423 3303 tam
456 3260 583 3303 novum
612 3260 716 3325 quam
740 3239 1037 3329 adulescentulum
1061 3238 1174 3323 priva-

113 3352 190 3403 tum
210 3338 399 3403 exercitum
415 3337 545 3403 difficili
562 3337 611 3401 rei
627 3339 787 3422 publicae
807 3349 960 3424 tempore
982 3338 1174 3404 conficere?

114 3437 292 3503 Confecit.
354 3437 447 3503 Huic
478 3438 661 3523 praeesse?
696 3437 860 3503 Praesuit.
924 3438 1017 3509 Rem
1047 3440 1174 3525 optime

115 3538 225 3603 ductu
243 3559 305 3603 suo
322 3536 467 3625 gerere?
498 3536 626 3602 Gessit.
678 3536 774 3623 Quid
790 3549 860 3603 tam
876 3546 1012 3625 praeter
1030 3561 1175 3605 consue-

114 3637 274 3703 tudinem
298 3658 403 3724 quam
427 3636 556 3701 homini
585 3638 872 3722 peradulescenti,
898 3639 995 3727 cujus
1027 3651 1121 3704 aetus
1153 3660 1201 3727 a„

115 3737 293 3802 senatorio
310 3738 422 3824 gradu
439 3737 543 3822 longe
559 3737 708 3827 abesset,
726 3737 908 3822 imperium
925 3751 1026 3825 atque
1043 3737 1175 3803 exerci-
1226 3770 1244 3787 -ι

113 3849 193 3903 tum
212 3836 301 3912 dari,
323 3836 476 3927 Siciliam
498 3836 658 3921 permitti,
680 3848 782 3923 atque
801 3836 956 3902 Africam
976 3839 1174 3923 bellumque

115 3938 155 4003 in
173 3957 216 4002 ea
231 3936 408 4024 provincia
425 3935 772 4017 administrandum?x
803 3937 883 4003 Fuit
901 3939 936 4001 in
959 3937 1013 4002 his
1036 3937 1174 4023 provin-
