2760 4448
218 299 263 371 50
495 283 754 372 Impeachment
776 284 825 370 os
850 282 988 349 Verres.
1102 283 1212 353 [Vama
1229 284 1262 338 V.

218 494 287 550 met
302 484 393 571 ipsos
410 484 498 550 haec
523 485 646 550 eadem
675 484 793 549 audire
813 494 904 549 certo
928 484 1157 557 scio‚-cum
1182 486 1265 549 mul-

216 594 268 651 tas
300 585 494 671 acceperint
526 606 587 671 per
618 585 721 649 hosce
754 605 862 649 annos
890 584 974 648 socii
1003 596 1105 670 atque
1133 596 1264 649 exterae

217 684 371 750 nationes
392 684 603 749 calamitates
620 694 652 748 et
667 682 822 771 injurias,
840 684 953 748 nullas
971 682 1099 748 Graeci
1116 683 1265 748 homines

218 784 357 870 gravius
374 783 487 848 ferunt
503 803 544 847 ac
559 783 720 856 tulerunt,
739 803 843 868 quam
861 783 1005 871 hujusce
1031 782 1124 848 modi
1148 783 1267 867 spolia·
1320 786 1323 795 '

216 883 326 948 tiones
343 882 501 948 sanorum
519 893 619 968 atque
635 881 856 966 oppidorum:

261 998 303 1046 19.
327 981 426 1046 Licet
441 982 503 1046 iste
520 981 612 1046 dicat
628 982 752 1075 emisse
769 1002 819 1056 se,
834 981 932 1046 sicuti
950 982 1039 1047 solet
1054 982 1182 1057 dicere,
1200 1002 1267 1045 cre·

218 1080 286 1145 dite
303 1080 368 1146 hoc
386 1081 481 1155 mibi,
492 1081 647 1168 judices:
670 1081 765 1145 nulla
781 1102 945 1167 umquam
964 1082 1087 1146 civitas
1103 1092 1171 1146 tota
1184 1079 1266 1145 Asia

218 1191 251 1244 et
263 1179 412 1245 Graecia
430 1179 568 1266 signum
585 1181 707 1255 ullum,
722 1180 875 1244 tabulam
893 1181 1036 1265 pictam,
1051 1181 1160 1245 ullum
1177 1179 1267 1244 deni-

217 1299 284 1363 que
300 1290 538 1344 ornamentum
555 1279 662 1353 urbis,
681 1300 744 1344 sua
767 1280 942 1345 voluntate
967 1280 1131 1367 cuiquam
1156 1271 1283 1344 vendi-³

219 1378 279 1453 dit,
300 1378 364 1443 nisi
389 1377 474 1443 sorte
493 1378 709 1452 existimatis,
731 1390 849 1464 postea
872 1401 976 1466 quam
997 1381 1130 1468 judicia
1154 1397 1268 1444 severa

219 1477 356 1543 Romae
380 1478 454 1541 fieri
481 1477 667 1553 desierunt,
689 1477 844 1543 Graecos
868 1479 1028 1545 homines
1049 1481 1138 1544 haec
1156 1476 1268 1543 vendi·

218 1589 291 1642 tare
319 1578 486 1662 coepisse,
510 1598 599 1663 quae
622 1588 695 1642 tum
719 1600 787 1643 non
817 1579 917 1644 modo
941 1601 1012 1643 uon
1036 1578 1265 1650 venditabant,

220 1699 299 1744 cum
311 1676 441 1766 judicia
457 1677 597 1753 fiebant,
615 1698 735 1742 verum
752 1678 853 1742 etiam
871 1680 1097 1753 coemebant3
1127 1687 1185 1742 aut
1207 1674 1268 1740 nisi

221 1777 430 1842 arbitramini
454 1776 498 1842 L.
518 1776 659 1853 Crass0,
679 1775 732 1861 Q
746 1777 948 1851 Scaevolae,
970 1778 1013 1844 C.
1034 1778 1195 1852 Claudio,
1213 1797 1268 1861 po·

220 1876 416 1942 tentissimis
439 1877 648 1952 hominibus,
666 1899 811 1963 quorum
831 1879 1021 1943 aedilitates
1038 1877 1267 1944 ornatissimas

219 1977 380 2052 vidimuS,
415 1976 658 2042 commercium
691 1979 832 2041 istarum
867 1999 979 2042 rerum
1016 2000 1097 2044 curn
1130 1975 1268 2042 Graecis

220 2077 415 2142 hominibus
431 2097 500 2141 non
517 2076 635 2150 fuisse,
652 2076 703 2142 eis
721 2077 779 2163 qui
800 2089 876 2163 post
894 2078 1105 2167 judiciorum
1130 2077 1268 2143 dissolu·

219 2177 346 2243 tionem
363 2177 492 2241 aediles
505 2176 588 2241 'facti
606 2187 684 2240 sunt
699 2175 817 2243 fuisse.

265 2297 326 2341 Lx.
352 2293 401 2340 ao.
425 2275 649 2340 Acerbiorem
684 2277 787 2341 etiam
824 2276 942 2351 scitote,
971 2300 1047 2344 esse
1082 2275 1267 2344 civitatibus

220 2376 343 2441 falsam
369 2376 469 2440 istam
497 2385 530 2439 et
558 2376 753 2440 simulatam
781 2377 1002 2461 emptionem,
1025 2401 1133 2465 quam
1159 2376 1187 2442 si
1213 2371 1267 2461 qui

220 2476 310 2541 clam
327 2475 487 2560 surripiat
503 2485 561 2538 aut
577 2475 698 2561 eripiat
718 2476 834 2560 palam
859 2487 960 2562 atque
984 2477 1131 2543 auferat.
1179 2474 1268 2540 Nam

128 2609 135 2623 ·
220 2575 464 2661 turpitudinem
480 2595 650 2638 summam
668 2595 743 2639 esse
761 2574 966 2639 arbitrantur
980 2577 1100 2644 referri
1117 2578 1153 2642 in
1176 2576 1269 2640 tabu·

219 2675 272 2740 las
296 2674 464 2759 publicas,
483 2674 591 2759 pretio
610 2673 792 2738 adductam
811 2673 982 2739 civitatem
1003 2676 1054 2762 (et
1070 2677 1179 2761 pretio
1196 2693 1269 2758 par·

219 2775 281 2861 vo)
307 2795 349 2838 ea
371 2794 459 2859 quae
481 2773 670 2858 accepisset
694 2795 714 2837 a
740 2774 925 2861 majoribus
949 2776 1147 2842 vendidisse
1172 2787 1268 2859 atque

221 2874 447 2939 abalienasse.
511 2872 647 2938 Etenim
680 2873 874 2938 mirandum
905 2874 940 2938 in
972 2875 1113 2940 modum
1146 2869 1267 2940 Graeci

220 2976 322 3040 rebus
334 2973 420 3049 istis,
434 2994 519 3059 quas
537 2994 599 3036 nos
616 2972 878 3049 contemnimus,
893 2974 1116 3038 delectantur.
1152 2973 1267 3058 Itaque

221 3075 368 3161 majores
384 3072 488 3137 nostri
505 3071 605 3135 facile
627 3071 855 3156 patiebantur,
875 3074 962 3137 haec
978 3094 1054 3137 esse
1078 3074 1170 3159 apud
1195 3072 1267 3135 illos

220 3195 323 3261 quam
349 3171 517 3258 plurima:
550 3170 642 3255 apud
667 3171 791 3246 socios,
812 3183 848 3236 ut
869 3172 1013 3258 imperio
1032 3185 1147 3239 nostro
1166 3186 1266 3259 quam

220 3271 427 3337 ornatissimi
451 3269 750 3356 florentissimique
775 3284 909 3345 essent3
942 3274 1034 3358 apud
1057 3295 1116 3339 eos
1141 3284 1264 3342 autem,

220 3393 306 3457 quos
322 3370 501 3457 vectigalis
519 3380 576 3434 aut
599 3368 837 3455 stipendiarios
861 3370 1026 3447 fecerant,
1043 3384 1158 3438 tamen
1182 3373 1267 3435 haec

220 3470 471 3557 relinquebant,
495 3481 530 3534 ut
557 3468 606 3533 illi
631 3469 755 3554 quibus
779 3471 867 3535 haec
890 3471 1045 3558 jucunda
1069 3484 1159 3546 sunt,
1180 3486 1265 3557 quae

221 3570 319 3634 nobis
343 3569 433 3634 levia
461 3570 630 3645 videntur,
655 3570 821 3635 haberent
846 3572 934 3637 haec
960 3573 1208 3637 oblectamenta
1234 3573 1266 3629 et

221 3669 349 3735 solacia
373 3669 554 3734 servitutis.

264 3785 307 3833 21.
332 3768 426 3852 Quid
454 3768 664 3833 arbitramini
689 3769 859 3857 Reginos,
881 3771 938 3857 qui
967 3772 1040 3860 jam
1074 3773 1168 3838 cives
1197 3768 1264 3832 Ro·

221 3869 315 3933 mani
341 3868 586 3942 sunt,1rierere
609 3869 712 3943 velle,
734 3879 772 3935 ut
797 3871 840 3935 ab
866 3871 914 3936 eis
937 3893 1128 3937 marmorea
1148 3871 1265 3936 Venus

222 3969 281 4033 illa
305 3966 500 4033 auferatur?
531 3967 613 4052 quid
634 3966 854 4045 TarentinoS,
872 3980 909 4033 ut
927 3969 1102 4055 Europam
1119 3973 1154 4035 in
1171 3983 1264 4036 tauro
