2572 4442
138 242 201 310 128
409 241 623 330 Conspiracy
647 243 695 328 of
713 239 875 315 Catilina.
993 238 1112 308 [CAT1L·
1135 239 1191 292 IV.

100 496 105 503 .
136 444 343 521 miseranda,
357 443 484 511 idcirco
500 443 536 509 in
552 442 684 530 eos-qui
701 463 743 508 ea
760 443 924 528 perficere
937 443 1117 506 voluerunt
1131 462 1195 505 me

39 594 45 605 ,
112 568 292 641 ,seggrum
309 547 616 631 vehementemque
633 545 793 630 praebeo.
843 531 977 607 Etenim
995 562 1140 627 quaero,
1162 540 1195 605 si

135 647 211 733 quis
228 660 324 730 pater
340 646 499 726 familias,
509 645 625 710 liberis
641 645 711 710 suis
724 666 773 708 as
814 666 856 708 vo
869 642 1065 715 interfectis,
1078 661 1196 704 uxore

134 747 262 821 occisa,
281 747 421 811 incensa
472 768 563 822 omn,
582 746 787 831 supplicium
813 746 856 809 de
878 765 978 809 servo
995 764 1062 808 non
1079 762 1194 828 quam

136 848 394 913 acerbissimum
418 847 611 947 Q,
630 858 742 911 utrum
764 846 793 911 is
812 846 964 911 clemens
989 865 1030 908 ac
1055 842 1196 908 miseri-

136 970 225 1024 cors,
245 970 288 1013 an
310 947 614 1012 inhumanissimus
641 958 674 1010 et
699 945 955 1011 crudelissimus
976 966 1052 1010 esse
1067 945 1194 1029 Q·

121 1047 220 1139 ffl?
255 1048 344 1112 Mihi
362 1051 442 1112 ver'o
459 1048 671 1132 importunus
688 1068 730 1112 ac
747 1047 889 1121 ferreus
907 1046 966 1133 qui
982 1067 1051 1111 non
1067 1046 1196 1111 dolore

137 1159 169 1212 et
194 1147 346 1212 cruciatu
372 1147 525 1212 nocentis
551 1169 651 1212 suum
677 1147 830 1212 dolorem
856 1147 1111 1233 cruciatumque
1135 1145 1197 1229 Le,-

133 1246 247 1339 urg-rit.
297 1246 357 1311 Sic
372 1267 436 1310 nos
451 1245 486 1310 in
503 1246 557 1311 his
581 1245 789 1322 hominibuS,
801 1246 914 1333 -qui
937 1238 1011 1320 nos,
1030 1246 1088 1332 qui
1104 1266 1195 1310 cou-

133 1347 248 1434 juges,
276 1345 333 1432 qui
364 1345 490 1411 liberos
521 1357 653 1411 nostros
683 1345 855 1411 trucidare
885 1347 1094 1420 voluerunt;
1127 1345 1194 1432 qui
1242 1389 1250 1401 «

136 1446 292 1533 singulas
308 1446 409 1511 unius
426 1445 591 1533 cujusque
607 1457 758 1511 nostrum
783 1447 903 1511 domos
920 1458 953 1511 et
968 1447 1034 1511 hoc
1050 1446 1195 1509 univer-

137 1568 212 1611 sum
238 1546 287 1610 rei
313 1546 473 1631 publicae
498 1545 709 1611 domicilium
735 1546 850 1610 delere
875 1544 987 1611 conati
1004 1557 1101 1620 sunt3
1127 1545 1193 1630 qui

136 1648 172 1711 id
196 1657 352 1734 egerunt,
379 1656 576 1734 ut‘gentem
592 1644 821 1732 Allobrogum
847 1645 881 1709 in
907 1646 1059 1733 vestigiis
1085 1646 1194 1733 hujus
1280 1722 1281 1725 Ἴ

136 1748 230 1812 urbis
247 1759 348 1832 atque
364 1749 398 1810 in
416 1747 531 1811 cinere
555 1745 736 1832 deflagrati
760 1746 882 1830 imperi
899 1747 1117 1811 conlocarent
1142 1782 1193 1793 —
1229 1731 1232 1739 ¹
1280 1782 1281 1793 κ

137 1846 165 1911 si
182 1846 472 1912 vehementissimi
497 1846 673 1920 fuerimus,
701 1792 1190 1911 misericordefflffeh‘mbr:

77 1938 80 1950 “
137 1946 189 2010 εἰη
202 1946 413 2010 remissiores
430 1966 505 2010 esse
517 1924 909 2020 voluerimusssummae
926 1946 1024 2011 nobis
1041 1946 1191 2010 crudeli-

116 2046 215 2133 ‚tatis
231 2045 265 2107 in
282 2045 413 2128 patriae
437 2044 631 2130 civiumque
648 2045 799 2128 pernicie
816 2045 909 2110 sama
925 2046 1103 2110 subeunda
1120 2057 1186 2110 est.
1188 2078 1220 2134 s

136 2161 178 2207 13.
194 2141 270 2209 Nisi
282 2165 363 2208 vero
380 2144 528 2227 cuipiam
542 2142 733 2228 Q
745 2144 796 2208 vir
809 2145 1010 2210 fortissimus
1023 2156 1055 2209 et
1068 2166 1146 2211 ama
1173 2181 1190 2194 -
1209 2210 1215 2217 ,

136 2245 287 2310 tissimus
304 2244 352 2308 rel
370 2243 541 2336 publicae,
555 2242 726 2321 crudelior
742 2244 866 2311 nudius
883 2246 999 2309 tertius
1011 2230 1109 2310 visus*
1121 2259 1186 2320 est,

138 2366 216 2409 cum
234 2343 358 2409 sororis
383 2364 478 2418 suae,
498 2342 646 2408 feminae
663 2342 879 2419 lectissimae,
897 2345 1007 2408 virum
1025 2366 1189 2429 praesen·
1246 2352 1249 2356 “

112 2476 115 2485 ’
137 2457 205 2509 tem
223 2455 256 2508 et
269 2443 461 2508 audientem
475 2442 551 2542 Q
561 2442 765 2527 privandum
782 2464 857 2509 esse
874 2444 971 2519 dixit,
988 2466 1065 2509 cum
1106 2467 1149 2510 vu

136 2566 237 2608 suurn
258 2543 356 2632 jussu
380 2542 531 2608 consulis
546 2541 774 2618 intersectum,
792 2543 969 2640 Qque
985 2545 1059 2633 ejus
1076 2545 1206 2630 impu-¹

137 2646 266 2717 berem,
286 2643 438 2731 legatum
463 2663 483 2706 a
507 2654 602 2728 patre
628 2643 784 2717 missum,
803 2642 836 2706 in
863 2664 1001 2731 car-ege
1027 2578 1206 2849 necatum(
1280 2662 1281 2745 q

138 2766 213 2809 esse
230 2743 326 2808 dixit.
366 2741 524 2829 Quorum
540 2742 631 2829 quod
649 2743 760 2806 simile
777 2742 903 2809 factum
921 2742 935 2808 i
958 2746 1050 2831 quod
1066 2745 1186 2811 initum

138 2830 308 2932 delendae,
322 2843 369 2907 rei
387 2842 544 2928 publicae
561 2842 764 2907 consilium?
803 2842 1013 2931 Largitionis
1029 2846 1187 2913 voluntas

137 2958 207 3010 tum
235 2945 271 3009 in
299 2966 335 3009 re
364 2944 501 3028 publica
526 2955 659 3009 versata
688 2956 750 3018 est,
776 2955 809 3007 et
839 2945 985 3030 partium
1014 2948 1187 3033 quaedam
1280 2964 1281 2997 l

138 3047 319 3112 contentio.
369 3043 483 3131 Atque
500 3065 541 3109 eo
557 3055 710 3128 tempore
735 3044 836 3133 hujus
861 3067 946 3111 avus
965 3046 1117 3123 Lentuli,
1135 3051 1186 3115 vir
1280 3030 1281 3085 l

138 3147 360 3221 clarissimus,
385 3158 536 3210 armatus
562 3141 760 3209 Gracchum
786 3157 838 3210 est
862 3160 1073 3232 persecutus.
1109 3146 1185 3215 'Ille

138 3247 239 3312 etiam
257 3268 362 3333 grave
379 3258 450 3309 turn
466 3245 589 3309 volnus
614 3231 820 3328 accepit‚'ne
837 3245 919 3332 quid
939 3248 981 3311 de
999 3270 1132 3313 summa
1149 3272 1184 3315 re

138 3346 276 3431 publica
300 3345 573 3431 deminuereturs:
598 3342 655 3407 hic
679 3344 724 3408 ad
747 3346 930 3410 evertenda
955 3347 1003 3411 rei
1028 3350 1184 3432 publicae

138 3446 361 3510 fundamenta
393 3443 513 3508 Gallos
543 3434 695 3519 arcessit,
722 3444 858 3509 servitia
883 3448 1041 3522 concitat,
1068 3448 1183 3514 Catili-

138 3567 217 3610 nam
257 3554 369 3617 vocat,
411 3543 560 3607 attribuit
594 3565 657 3608 nos
691 3545 911 3610 trucidandos
951 3545 1120 3634 Cethego
1153 3562 1184 3614 et

138 3656 268 3709 ceteros
300 3642 383 3717 civis
424 3641 675 3707 interficiendos
707 3642 869 3718 Gabinio,
903 3646 1022 3709 urbem
1053 3646 1182 3711 inflam-

138 3745 301 3809 mandam
326 3740 473 3814 Cassi0,
491 3751 595 3805 totam
623 3740 757 3805 Italiam
791 3744 1003 3808 vastandam
1024 3746 1182 3830 diripien-

138 3846 287 3930 damque
320 3840 503 3907 Catilinae.
562 3839 775 3927 Vere-amini,
806 3861 942 3918 censeo,
976 3865 1019 3908 ne
1052 3845 1088 3909 in
1120 3847 1181 3911 hoc

139 3943 268 4009 scelere
292 3951 361 4005 tam
386 3937 528 4002 immani
553 3959 594 4003 ac
616 3939 767 4005 nefando
790 3940 891 4006 nimis
915 3942 1044 4029 aliquid
1068 3966 1179 4012 severe
