2572 4442
201 334 264 405 152
336 315 343 323 ’
451 315 599 384 Cr‘cero‘s
621 314 729 381 Exr'le
752 316 825 381 arrd
845 315 1001 381 Return.
1091 312 1228 384 [51³⁵th

198 519 355 586 vestitum
386 530 561 584 senatores
592 516 753 582 redirent.
815 514 905 604 Quis
936 535 1100 602 umquam
1127 516 1232 580 consul

199 632 354 686 senatum
371 618 478 704 ipsius
494 617 639 683 decretis
664 637 784 701 parere
801 614 1005 701 prohibuit?
1030 613 1118 698 Quis
1132 627 1234 701 tyran·

199 742 264 784 nus
290 720 432 783 miseros
457 718 577 804 lugere
598 714 734 781 vetuit?
780 714 955 780 Parumne
978 726 1041 789 est,
1068 713 1236 778 Piso-ut

199 818 352 885 omittam
379 815 722 902 Gabinium-quod
749 826 880 879 tanturn
905 815 1065 878 homines
1088 813 1234 886 fefellisti,

200 929 237 983 ut
264 918 470 1005 neglegeres
497 916 730 981 auctoritatem
759 926 910 989 senatus,
938 913 1058 998 optimi
1086 912 1236 1000 cujusque

200 1016 343 1083 consilia
375 1027 624 1089 contemneres,
654 1034 726 1078 rem
759 1013 932 1097 publicam
966 1012 1141 1099 proderes,
1169 1032 1237 1075 con·

200 1118 313 1181 sulare
338 1137 463 1180 nomen
481 1112 698 1202 adfligeres?
743 1112 902 1178 Etiamne
925 1113 1064 1179 edicere
1086 1112 1235 1186 audebas,

200 1237 244 1280 ne
269 1226 460 1279 maererent
482 1215 640 1279 homines
664 1234 790 1287 meam,
808 1234 920 1287 suam,
938 1213 990 1278 rei
1015 1211 1171 1297 publicae
1192 1230 1238 1274 ca·

137 1374 140 1379 .
200 1313 409 1379 lamitatem?
432 1335 476 1379 ne
493 1314 585 1378 bunc
600 1335 700 1378 suum
716 1313 869 1378 dolorem
885 1324 981 1378 veste
997 1307 1237 1400 significarent?

201 1414 284 1480 Sive
312 1414 370 1478 illa
395 1414 500 1479 vestis
528 1413 668 1479 mutatio
697 1413 741 1477 ad
767 1413 895 1476 luctum
923 1412 1093 1499 ipsorum,
1114 1404 1183 1475 sive
1205 1408 1238 1471 ad

175 1536 183 1545 ·
201 1513 457 1598 deprecandum
473 1513 622 1585 valebat,
640 1512 716 1598 quis
739 1533 903 1597 umquam
925 1523 998 1577 tam
1024 1509 1170 1587 crudelis
1190 1507 1238 1571 luit

201 1614 258 1701 qui
275 1613 471 1699 prohiberet
485 1633 694 1699 quemquam
712 1623 770 1675 aut
785 1611 849 1676 sibi
871 1632 1028 1676 maerere
1053 1621 1111 1675 aut
1134 1608 1239 1674 ceteris

202 1712 427 1800 supplicare?
472 1733 515 1780 η.
539 1709 657 1796 Quid?
681 1732 743 1776 sua
771 1723 890 1796 sponte
918 1712 1080 1777 homines
1108 1710 1141 1774 in
1169 1706 1238 1772 ami-

107 1888 111 1899 .
201 1836 319 1880 corum
337 1813 497 1900 periculis
515 1813 672 1878 vestitum
699 1822 828 1876 mutare
855 1833 923 1877 non
949 1808 1094 1877 solent?
1139 1808 1238 1872 Prote

203 1917 289 2000 ipso,
317 1914 411 1990 Piso,
439 1934 585 1980 nemone
618 1911 789 1977 mutabit?
822 1933 866 1978 ne
898 1912 951 1978 isti
985 1912 1140 2000 quidem,
1168 1927 1238 1994 quos

206 2015 374 2104 [legatos]
396 2037 463 2080 non
490 2015 590 2079 modo
607 2014 701 2078 nullo
723 2024 860 2079 senatus
878 2015 1049 2088 consult0‚
1068 2012 1129 2078 sed
1153 2008 1257 2074 etiarn*

202 2128 417 2203 repugnante
445 2126 565 2179 senatu
588 2114 648 2178 tibi
676 2124 744 2178 tute
771 2114 926 2201 legasti?
985 2115 1083 2204 Ergo
1108 2107 1239 2177 hominis

203 2215 373 2301 desperati
402 2228 434 2280 et
461 2214 641 2300 proditoris
669 2214 717 2279 rei
749 2215 907 2300 publicae
935 2237 1057 2281 casum
1089 2202 1258 2301 lugebuntl

203 2317 345 2381 sortasse
377 2316 434 2403 qui
462 2317 607 2381 volent:
644 2315 728 2381 civis
756 2315 985 2382 florentissimi
1014 2307 1240 2382 benevolentia

202 2417 369 2482 bonorum
387 2428 420 2481 et
435 2416 562 2501 optime
579 2416 622 2481 de
640 2415 747 2481 salute
772 2417 903 2501 patriae
929 2418 1042 2482 meriti
1065 2412 1240 2504 periculum

203 2517 421 2605 conjunctum
447 2539 524 2582 cum
554 2517 706 2603 periculo
730 2516 875 2582 civitatis
897 2519 1017 2605 lugere
1037 2513 1169 2583 senatui
1184 2528 1241 2574 non

202 2616 348 2684 licebit?
394 2618 585 2706 Eidemque
609 2617 768 2684 consules
796 2617 842 2703 (si
861 2618 1061 2703 appellandi
1080 2625 1159 2682 sunt
1174 2630 1241 2677 con·

203 2720 308 2794 sules,
326 2740 412 2806 quos
429 2740 529 2783 nemo
546 2729 597 2783 est
613 2718 694 2804 quin
717 2739 785 2782 non
810 2719 911 2784 modo
928 2740 973 2783 ex
994 2716 1173 2788 memoria,
1190 2706 1241 2775 sed

201 2820 305 2885 etiam
331 2841 375 2884 ex
400 2819 495 2884 fastis
521 2819 717 2884 evellendos
744 2818 872 2903 putet),
897 2831 996 2902 pacto
1016 2821 1092 2907 jam
1117 2813 1241 2915 loedere

203 2920 470 3005 provinciarum,
489 2919 643 3004 producti
660 2918 694 2981 in
713 2918 802 2982 circo
819 2917 990 2984 Flaminio
1006 2918 1042 2982 in
1060 2915 1241 2984 contionem

204 3022 247 3086 ab
263 3022 322 3085 illa
340 3020 426 3084 suria
444 3040 485 3083 ac
502 3031 597 3103 peste
615 3017 756 3102 patriae,
771 3018 922 3083 maximo
939 3039 1018 3083 cum
1036 3016 1166 3107 gemitu
1177 3029 1242 3075 ves·

203 3133 253 3187 tro
278 3122 336 3185 illa
360 3121 476 3185 omnia
500 3139 585 3183 voce
606 3138 648 3180 ac
670 3118 835 3181 sententia
853 3139 914 3183 sua
932 3119 1241 3204 comprobaverunt.

204 3222 317 3286 Isdem
343 3219 539 3284 consulibus
560 3217 756 3282 sedentibus
779 3230 879 3303 atque
898 3219 1166 3303 inspectantibus
1182 3213 1243 3275 lata

204 3322 260 3385 lex
278 3332 339 3395 est,
356 3319 417 3386 Ne
436 3320 594 3405 auspicia
610 3318 782 3391 valerent,
800 3320 936 3403 nequis
960 3320 1243 3387 annuntiaretur

204 3422 280 3505 quis
302 3421 376 3505 legi
395 3419 641 3484 intercederet:
667 3425 705 3481 ut
721 3419 876 3482 omnibus
887 3420 994 3499 fastis
1009 3421 1127 3483 dz'ebus
1143 3415 1242 3498 legem

193 3518 301 3605 ferri
320 3521 458 3583 liceret:
485 3527 523 3582 ut
541 3518 597 3582 lex
613 3517 731 3593 Aelia,
750 3518 806 3581 lex
827 3517 931 3604 Fufia
948 3540 990 3582 ne
1004 3519 1157 3583 valeret:
1181 3523 1242 3595 qua

203 3640 272 3683 una
285 3618 461 3706 rogatione
474 3619 551 3703 quis
564 3617 683 3703 estqui
697 3639 765 3681 non
783 3616 959 3705 intellegat
970 3618 1164 3696 universam
1176 3625 1241 3674 rem

204 3718 376 3804 publicam
394 3738 469 3782 esse
492 3715 671 3781 deletam?
716 3734 758 3781 1³.
783 3717 965 3805 Isdemque
989 3717 1181 3784 consulibus
1196 3708 1249 3770 in·‘

203 3816 448 3903 spectantibus,
467 3838 643 3880 servorum
668 3817 811 3882 dilectus
835 3818 1049 3883 habebantur
1069 3839 1129 3904 pro
1147 3809 1241 3878 tribu·

203 3917 272 4007 nali
283 3915 426 3982 Aurelio
439 3914 577 3979 nomine
591 3917 840 4003 conlegiorum,
853 3939 931 4001 cum
942 3918 1079 3983 vicatim
1096 3910 1237 3982 homines

203 4015 510 4088 conscriberentur,
529 4013 797 4092 decuriarentur,
822 4018 866 4083 ad
882 4018 964 4093 vim,
984 4019 1029 4083 ad
1053 4034 1184 4087 manus,
1201 3999 1239 4069 ad

1253 1122 1255 1137 l
