<?xml version="1.0" encoding="UTF-8"?>
<!DOCTYPE html PUBLIC "-//W3C//DTD XHTML 1.0 Transitional//EN"
    "http://www.w3.org/TR/xhtml1/DTD/xhtml1-transitional.dtd">
<html xmlns="http://www.w3.org/1999/xhtml" xml:lang="en" lang="en">
 <head>
  <title>
</title>
<meta http-equiv="Content-Type" content="text/html;charset=utf-8" />
  <meta name='ocr-system' content='tesseract 3.04.00' />
  <meta name='ocr-capabilities' content='ocr_page ocr_carea ocr_par ocr_line ocrx_word'/>
</head>
<body>
  <div class='ocr_page' id='page_1' title='image "./selectorationsc02greegoog_0250.png"; bbox 0 0 2722 4438; ppageno 0'>
   <div class='ocr_carea' id='block_1_1' title="bbox 167 89 1315 3992">
    <p class='ocr_par' dir='ltr' id='par_1_1' title="bbox 167 89 1315 2116">
     <span class='ocr_line' id='line_1_1' title="bbox 634 89 698 121; baseline -0.031 0"><span class='ocrx_word' id='word_1_1' title='bbox 634 89 641 112; x_wconf 78' lang='lat' dir='ltr'><em>s</em></span> <span class='ocrx_word' id='word_1_2' title='bbox 655 90 669 121; x_wconf 84' lang='lat'>0</span> <span class='ocrx_word' id='word_1_3' title='bbox 689 114 698 119; x_wconf 78' lang='lat'>.</span> 
     </span>
     <span class='ocr_line' id='line_1_2' title="bbox 168 173 1223 293; baseline -0.01 -14"><span class='ocrx_word' id='word_1_4' title='bbox 168 207 281 278; x_wconf 76' lang='lat' dir='ltr'>1X·.27·]</span> <span class='ocrx_word' id='word_1_5' title='bbox 363 207 434 272; x_wconf 67' lang='lat' dir='ltr'>His</span> <span class='ocrx_word' id='word_1_6' title='bbox 457 206 620 271; x_wconf 76' lang='lat' dir='ltr'>Enemz&#39;es</span> <span class='ocrx_word' id='word_1_7' title='bbox 644 182 761 269; x_wconf 51' lang='lat' dir='ltr'>arbae</span> <span class='ocrx_word' id='word_1_8' title='bbox 783 226 876 268; x_wconf 83' lang='lat' dir='ltr'>same</span> <span class='ocrx_word' id='word_1_9' title='bbox 899 173 1021 269; x_wconf 70' lang='lat' dir='ltr'>Fcizilr.</span> <span class='ocrx_word' id='word_1_10' title='bbox 1158 224 1223 293; x_wconf 89' lang='lat'>229</span> 
     </span>
     <span class='ocr_line' id='line_1_3' title="bbox 775 294 1315 398; baseline 0 -94"><span class='ocrx_word' id='word_1_11' title='bbox 775 294 782 304; x_wconf 89' lang='lat'>.</span> <span class='ocrx_word' id='word_1_12' title='bbox 1128 314 1224 398; x_wconf 31' lang='lat' dir='ltr'>pp:</span> <span class='ocrx_word' id='word_1_13' title='bbox 1270 342 1277 351; x_wconf 73' lang='lat'><em>,</em></span> <span class='ocrx_word' id='word_1_14' title='bbox 1289 304 1315 346; x_wconf 40' lang='lat' dir='ltr'><em>L</em></span> 
     </span>
     <span class='ocr_line' id='line_1_4' title="bbox 167 374 1221 519; baseline -0.006 -44"><span class='ocrx_word' id='word_1_15' title='bbox 167 430 378 499; x_wconf 90' lang='lat' dir='ltr'>quamquam</span> <span class='ocrx_word' id='word_1_16' title='bbox 400 406 482 492; x_wconf 92' lang='lat' dir='ltr'>quid</span> <span class='ocrx_word' id='word_1_17' title='bbox 509 405 630 470; x_wconf 84' lang='lat' dir='ltr'>facturi</span> <span class='ocrx_word' id='word_1_18' title='bbox 647 404 775 493; x_wconf 56' lang='lat' dir='ltr'>fue-ritis</span> <span class='ocrx_word' id='word_1_19' title='bbox 793 405 956 497; x_wconf 51' lang='lat' dir='ltr'>dub-item,</span> <span class='ocrx_word' id='word_1_20' title='bbox 982 427 1060 470; x_wconf 91' lang='lat' dir='ltr'>cum</span> <span class='ocrx_word' id='word_1_21' title='bbox 1085 374 1221 519; x_wconf 51' lang='lat' dir='ltr'>‘&#39;in¹}</span> 
     </span>
     <span class='ocr_line' id='line_1_5' title="bbox 168 504 1274 598; baseline -0.004 -23"><span class='ocrx_word' id='word_1_22' title='bbox 168 511 250 598; x_wconf 91' lang='lat' dir='ltr'>quid</span> <span class='ocrx_word' id='word_1_23' title='bbox 286 504 456 573; x_wconf 81' lang='lat' dir='ltr'>feceritis?</span> <span class='ocrx_word' id='word_1_24' title='bbox 515 504 680 570; x_wconf 91' lang='lat' dir='ltr'>Prohibiti</span> <span class='ocrx_word' id='word_1_25' title='bbox 713 505 793 569; x_wconf 87' lang='lat' dir='ltr'>estis</span> <span class='ocrx_word' id='word_1_26' title='bbox 830 505 865 568; x_wconf 91' lang='lat' dir='ltr'>in</span> <span class='ocrx_word' id='word_1_27' title='bbox 901 506 1078 591; x_wconf 90' lang='lat' dir='ltr'>provincia</span> <span class='ocrx_word' id='word_1_28' title='bbox 1110 518 1222 571; x_wconf 90' lang='lat' dir='ltr'>vestra</span> <span class='ocrx_word' id='word_1_29' title='bbox 1243 526 1274 553; x_wconf 71' lang='lat'>·³</span> 
     </span>
     <span class='ocr_line' id='line_1_6' title="bbox 168 605 1241 696; baseline -0.003 -22"><span class='ocrx_word' id='word_1_30' title='bbox 168 612 292 696; x_wconf 87' lang='lat' dir='ltr'>pedem</span> <span class='ocrx_word' id='word_1_31' title='bbox 326 627 467 692; x_wconf 91' lang='lat' dir='ltr'>ponere,</span> <span class='ocrx_word' id='word_1_32' title='bbox 495 615 527 670; x_wconf 92' lang='lat' dir='ltr'>et</span> <span class='ocrx_word' id='word_1_33' title='bbox 554 605 710 689; x_wconf 87' lang='lat' dir='ltr'>prohibiti</span> <span class='ocrx_word' id='word_1_34' title='bbox 735 626 870 694; x_wconf 65' lang='lat' dir='ltr'>summa</span> <span class='ocrx_word' id='word_1_35' title='bbox 901 605 1037 693; x_wconf 89' lang='lat' dir='ltr'>injuria.</span> <span class='ocrx_word' id='word_1_36' title='bbox 1070 624 1117 670; x_wconf 80' lang='lat'>25.</span> <span class='ocrx_word' id='word_1_37' title='bbox 1142 606 1241 690; x_wconf 74' lang='lat' dir='ltr'>Quos</span> 
     </span>
     <span class='ocr_line' id='line_1_7' title="bbox 169 703 1222 793; baseline -0.005 -18"><span class='ocrx_word' id='word_1_38' title='bbox 169 710 270 775; x_wconf 90' lang='lat' dir='ltr'>modo</span> <span class='ocrx_word' id='word_1_39' title='bbox 284 709 318 773; x_wconf 94' lang='lat' dir='ltr'>id</span> <span class='ocrx_word' id='word_1_40' title='bbox 334 704 479 771; x_wconf 90' lang='lat' dir='ltr'>tulistis?</span> <span class='ocrx_word' id='word_1_41' title='bbox 512 716 674 789; x_wconf 82' lang='lat' dir='ltr'>acceptae</span> <span class='ocrx_word' id='word_1_42' title='bbox 692 703 836 792; x_wconf 80' lang='lat' dir='ltr'>injuriae</span> <span class='ocrx_word' id='word_1_43' title='bbox 853 707 1041 791; x_wconf 83' lang='lat' dir='ltr'>querellam</span> <span class='ocrx_word' id='word_1_44' title='bbox 1059 709 1103 773; x_wconf 91' lang='lat' dir='ltr'>ad</span> <span class='ocrx_word' id='word_1_45' title='bbox 1119 728 1222 793; x_wconf 89' lang='lat' dir='ltr'>quern</span> 
     </span>
     <span class='ocr_line' id='line_1_8' title="bbox 170 797 1222 893; baseline -0.005 -17"><span class='ocrx_word' id='word_1_46' title='bbox 170 797 356 876; x_wconf 86' lang='lat' dir='ltr'>detulistis?</span> <span class='ocrx_word' id='word_1_47' title='bbox 404 806 541 893; x_wconf 85' lang='lat' dir='ltr'>Nempe</span> <span class='ocrx_word' id='word_1_48' title='bbox 563 807 716 879; x_wconf 88' lang='lat' dir='ltr'>adeum,</span> <span class='ocrx_word' id='word_1_49' title='bbox 736 805 832 893; x_wconf 90' lang='lat' dir='ltr'>cujus</span> <span class='ocrx_word' id='word_1_50' title='bbox 857 807 1090 871; x_wconf 90' lang='lat' dir='ltr'>auctoritatem</span> <span class='ocrx_word' id='word_1_51' title='bbox 1115 807 1222 872; x_wconf 89' lang='lat' dir='ltr'>secuti</span> 
     </span>
     <span class='ocr_line' id='line_1_9' title="bbox 169 903 1222 989; baseline -0.003 -15"><span class='ocrx_word' id='word_1_52' title='bbox 169 911 203 974; x_wconf 90' lang='lat' dir='ltr'>in</span> <span class='ocrx_word' id='word_1_53' title='bbox 227 908 423 973; x_wconf 89' lang='lat' dir='ltr'>societatem</span> <span class='ocrx_word' id='word_1_54' title='bbox 439 907 520 971; x_wconf 88' lang='lat' dir='ltr'>belli</span> <span class='ocrx_word' id='word_1_55' title='bbox 537 904 719 970; x_wconf 89' lang='lat' dir='ltr'>veneratis.</span> <span class='ocrx_word' id='word_1_56' title='bbox 772 903 921 989; x_wconf 73' lang='lat' dir='ltr'>Quodsi</span> <span class='ocrx_word' id='word_1_57' title='bbox 939 905 1099 972; x_wconf 85' lang='lat' dir='ltr'>Caesaris</span> <span class='ocrx_word' id='word_1_58' title='bbox 1118 928 1222 971; x_wconf 88' lang='lat' dir='ltr'>causa</span> 
     </span>
     <span class='ocr_line' id='line_1_10' title="bbox 169 1006 1222 1101; baseline -0.002 -28"><span class='ocrx_word' id='word_1_59' title='bbox 169 1010 204 1073; x_wconf 90' lang='lat' dir='ltr'>in</span> <span class='ocrx_word' id='word_1_60' title='bbox 221 1008 432 1094; x_wconf 92' lang='lat' dir='ltr'>provinciam</span> <span class='ocrx_word' id='word_1_61' title='bbox 449 1006 651 1101; x_wconf 64' lang='lat' dir='ltr'>veniebatis,</span> <span class='ocrx_word' id='word_1_62' title='bbox 671 1007 715 1070; x_wconf 92' lang='lat' dir='ltr'>ad</span> <span class='ocrx_word' id='word_1_63' title='bbox 733 1027 811 1070; x_wconf 93' lang='lat' dir='ltr'>eum</span> <span class='ocrx_word' id='word_1_64' title='bbox 829 1006 980 1091; x_wconf 83' lang='lat' dir='ltr'>profecto</span> <span class='ocrx_word' id='word_1_65' title='bbox 997 1009 1128 1073; x_wconf 83' lang='lat' dir='ltr'>exclusi</span> <span class='ocrx_word' id='word_1_66' title='bbox 1145 1031 1222 1093; x_wconf 90' lang='lat' dir='ltr'>pro·</span> 
     </span>
     <span class='ocr_line' id='line_1_11' title="bbox 168 1105 1223 1191; baseline 0 -19"><span class='ocrx_word' id='word_1_67' title='bbox 168 1109 283 1173; x_wconf 87' lang='lat' dir='ltr'>vincia</span> <span class='ocrx_word' id='word_1_68' title='bbox 306 1107 495 1191; x_wconf 53' lang='lat' dir='ltr'>vernssetis.</span> <span class='ocrx_word' id='word_1_69' title='bbox 534 1105 686 1171; x_wconf 86' lang='lat' dir='ltr'>Venistis</span> <span class='ocrx_word' id='word_1_70' title='bbox 712 1106 756 1170; x_wconf 89' lang='lat' dir='ltr'>ad</span> <span class='ocrx_word' id='word_1_71' title='bbox 780 1105 994 1190; x_wconf 88' lang='lat' dir='ltr'>Pompeium.</span> <span class='ocrx_word' id='word_1_72' title='bbox 1046 1106 1148 1191; x_wconf 70' lang='lat' dir='ltr'>Quae</span> <span class='ocrx_word' id='word_1_73' title='bbox 1172 1118 1223 1172; x_wconf 89' lang='lat' dir='ltr'>est</span> 
     </span>
     <span class='ocr_line' id='line_1_12' title="bbox 170 1206 1222 1295; baseline -0.001 -22"><span class='ocrx_word' id='word_1_74' title='bbox 170 1229 254 1295; x_wconf 86' lang='lat' dir='ltr'>ergo</span> <span class='ocrx_word' id='word_1_75' title='bbox 279 1208 370 1292; x_wconf 92' lang='lat' dir='ltr'>apud</span> <span class='ocrx_word' id='word_1_76' title='bbox 394 1206 583 1272; x_wconf 86' lang='lat' dir='ltr'>Caesarem</span> <span class='ocrx_word' id='word_1_77' title='bbox 608 1206 774 1293; x_wconf 87' lang='lat' dir='ltr'>querella,</span> <span class='ocrx_word' id='word_1_78' title='bbox 793 1227 872 1270; x_wconf 88' lang='lat' dir='ltr'>cum</span> <span class='ocrx_word' id='word_1_79' title='bbox 897 1227 975 1270; x_wconf 90' lang='lat' dir='ltr'>eum</span> <span class='ocrx_word' id='word_1_80' title='bbox 999 1207 1179 1289; x_wconf 66' lang='lat' dir='ltr'>acepsetis</span> <span class='ocrx_word' id='word_1_81' title='bbox 1202 1228 1222 1272; x_wconf 91' lang='lat' dir='ltr'>a</span> 
     </span>
     <span class='ocr_line' id='line_1_13' title="bbox 169 1306 1222 1395; baseline -0.003 -22"><span class='ocrx_word' id='word_1_82' title='bbox 169 1330 238 1395; x_wconf 92' lang='lat' dir='ltr'>quo</span> <span class='ocrx_word' id='word_1_83' title='bbox 265 1307 455 1394; x_wconf 85' lang='lat' dir='ltr'>queramini</span> <span class='ocrx_word' id='word_1_84' title='bbox 485 1306 671 1391; x_wconf 90' lang='lat' dir='ltr'>prohibitos</span> <span class='ocrx_word' id='word_1_85' title='bbox 701 1326 776 1370; x_wconf 90' lang='lat' dir='ltr'>esse</span> <span class='ocrx_word' id='word_1_86' title='bbox 800 1328 861 1370; x_wconf 92' lang='lat' dir='ltr'>vos</span> <span class='ocrx_word' id='word_1_87' title='bbox 890 1318 1006 1370; x_wconf 90' lang='lat' dir='ltr'>contra</span> <span class='ocrx_word' id='word_1_88' title='bbox 1035 1306 1222 1375; x_wconf 87' lang='lat' dir='ltr'>Caesarem</span> 
     </span>
     <span class='ocr_line' id='line_1_14' title="bbox 170 1375 1223 1495; baseline -0.002 -23"><span class='ocrx_word' id='word_1_89' title='bbox 170 1430 291 1495; x_wconf 83' lang='lat' dir='ltr'>gerere</span> <span class='ocrx_word' id='word_1_90' title='bbox 315 1375 466 1471; x_wconf 47' lang='lat' dir='ltr'>tilium?</span> <span class='ocrx_word' id='word_1_91' title='bbox 512 1403 627 1491; x_wconf 84' lang='lat' dir='ltr'>Atque</span> <span class='ocrx_word' id='word_1_92' title='bbox 648 1405 682 1468; x_wconf 92' lang='lat' dir='ltr'>in</span> <span class='ocrx_word' id='word_1_93' title='bbox 698 1407 765 1470; x_wconf 91' lang='lat' dir='ltr'>hoc</span> <span class='ocrx_word' id='word_1_94' title='bbox 790 1405 929 1492; x_wconf 91' lang='lat' dir='ltr'>quidem</span> <span class='ocrx_word' id='word_1_95' title='bbox 945 1408 1001 1469; x_wconf 91' lang='lat' dir='ltr'>vel</span> <span class='ocrx_word' id='word_1_96' title='bbox 1026 1428 1105 1470; x_wconf 89' lang='lat' dir='ltr'>cum</span> <span class='ocrx_word' id='word_1_97' title='bbox 1128 1429 1223 1471; x_wconf 89' lang='lat' dir='ltr'>men-</span> 
     </span>
     <span class='ocr_line' id='line_1_15' title="bbox 169 1505 1224 1593; baseline -0.004 -20"><span class='ocrx_word' id='word_1_98' title='bbox 169 1508 281 1582; x_wconf 90' lang='lat' dir='ltr'>dacio,</span> <span class='ocrx_word' id='word_1_99' title='bbox 304 1507 331 1571; x_wconf 92' lang='lat' dir='ltr'>si</span> <span class='ocrx_word' id='word_1_100' title='bbox 362 1506 474 1581; x_wconf 90' lang='lat' dir='ltr'>voltis,</span> <span class='ocrx_word' id='word_1_101' title='bbox 495 1505 689 1593; x_wconf 64' lang='lat' dir='ltr'>glogiemini</span> <span class='ocrx_word' id='word_1_102' title='bbox 715 1526 776 1589; x_wconf 92' lang='lat' dir='ltr'>per</span> <span class='ocrx_word' id='word_1_103' title='bbox 801 1526 855 1568; x_wconf 92' lang='lat' dir='ltr'>me</span> <span class='ocrx_word' id='word_1_104' title='bbox 887 1506 976 1580; x_wconf 89' lang='lat' dir='ltr'>licet,</span> <span class='ocrx_word' id='word_1_105' title='bbox 996 1528 1056 1570; x_wconf 92' lang='lat' dir='ltr'>vos</span> <span class='ocrx_word' id='word_1_106' title='bbox 1088 1507 1224 1591; x_wconf 91' lang='lat' dir='ltr'>provin·</span> 
     </span>
     <span class='ocr_line' id='line_1_16' title="bbox 169 1603 1223 1672; baseline -0.003 0"><span class='ocrx_word' id='word_1_107' title='bbox 169 1608 258 1672; x_wconf 89' lang='lat' dir='ltr'>ciam</span> <span class='ocrx_word' id='word_1_108' title='bbox 276 1605 380 1670; x_wconf 82' lang='lat' dir='ltr'>fuisse</span> <span class='ocrx_word' id='word_1_109' title='bbox 397 1604 541 1671; x_wconf 87' lang='lat' dir='ltr'>Caesari</span> <span class='ocrx_word' id='word_1_110' title='bbox 566 1605 760 1668; x_wconf 86' lang='lat' dir='ltr'>tradituros.</span> <span class='ocrx_word' id='word_1_111' title='bbox 811 1603 922 1668; x_wconf 84' lang='lat' dir='ltr'>Etiam</span> <span class='ocrx_word' id='word_1_112' title='bbox 946 1605 973 1668; x_wconf 91' lang='lat' dir='ltr'>si</span> <span class='ocrx_word' id='word_1_113' title='bbox 992 1626 1011 1668; x_wconf 90' lang='lat' dir='ltr'>a</span> <span class='ocrx_word' id='word_1_114' title='bbox 1027 1605 1121 1669; x_wconf 90' lang='lat' dir='ltr'>Varo</span> <span class='ocrx_word' id='word_1_115' title='bbox 1146 1616 1179 1669; x_wconf 93' lang='lat' dir='ltr'>et</span> <span class='ocrx_word' id='word_1_116' title='bbox 1202 1626 1223 1669; x_wconf 92' lang='lat' dir='ltr'>a</span> 
     </span>
     <span class='ocr_line' id='line_1_17' title="bbox 169 1704 1223 1792; baseline -0.001 -23"><span class='ocrx_word' id='word_1_117' title='bbox 169 1706 373 1792; x_wconf 90' lang='lat' dir='ltr'>quibusdam</span> <span class='ocrx_word' id='word_1_118' title='bbox 407 1705 483 1768; x_wconf 90' lang='lat' dir='ltr'>aliis</span> <span class='ocrx_word' id='word_1_119' title='bbox 512 1704 672 1789; x_wconf 90' lang='lat' dir='ltr'>prohibiti</span> <span class='ocrx_word' id='word_1_120' title='bbox 704 1704 796 1780; x_wconf 76' lang='lat' dir='ltr'>estiS,</span> <span class='ocrx_word' id='word_1_121' title='bbox 823 1725 889 1790; x_wconf 86' lang='lat' dir='ltr'>ego</span> <span class='ocrx_word' id='word_1_122' title='bbox 913 1715 1028 1767; x_wconf 87' lang='lat' dir='ltr'>tamen</span> <span class='ocrx_word' id='word_1_123' title='bbox 1060 1706 1223 1768; x_wconf 88' lang='lat' dir='ltr'>confiteor</span> 
     </span>
     <span class='ocr_line' id='line_1_18' title="bbox 169 1803 1239 1900; baseline -0.002 -29"><span class='ocrx_word' id='word_1_124' title='bbox 169 1807 307 1890; x_wconf 83' lang='lat' dir='ltr'>culpam</span> <span class='ocrx_word' id='word_1_125' title='bbox 333 1826 410 1869; x_wconf 89' lang='lat' dir='ltr'>esse</span> <span class='ocrx_word' id='word_1_126' title='bbox 436 1804 572 1892; x_wconf 88' lang='lat' dir='ltr'>Ligari,</span> <span class='ocrx_word' id='word_1_127' title='bbox 599 1803 657 1890; x_wconf 90' lang='lat' dir='ltr'>qui</span> <span class='ocrx_word' id='word_1_128' title='bbox 677 1825 738 1869; x_wconf 90' lang='lat' dir='ltr'>vos</span> <span class='ocrx_word' id='word_1_129' title='bbox 767 1814 881 1868; x_wconf 91' lang='lat' dir='ltr'>tantae</span> <span class='ocrx_word' id='word_1_130' title='bbox 905 1804 1017 1868; x_wconf 88' lang='lat' dir='ltr'>laudis</span> <span class='ocrx_word' id='word_1_131' title='bbox 1040 1804 1239 1900; x_wconf 18' lang='lat' dir='ltr'>occasione*</span> 
     </span>
     <span class='ocr_line' id='line_1_19' title="bbox 168 1905 488 1991; baseline -0.006 -22"><span class='ocrx_word' id='word_1_132' title='bbox 168 1905 362 1991; x_wconf 62' lang='lat' dir='ltr'>prifflerit.</span> <span class='ocrx_word' id='word_1_133' title='bbox 438 1946 445 1953; x_wconf 85' lang='lat'><em>·</em></span> <span class='ocrx_word' id='word_1_134' title='bbox 473 1909 488 1923; x_wconf 80' lang='lat'><strong><em>‘</em></strong></span> 
     </span>
     <span class='ocr_line' id='line_1_20' title="bbox 214 2003 1287 2116; baseline 0.004 -48"><span class='ocrx_word' id='word_1_135' title='bbox 214 2026 266 2070; x_wconf 82' lang='lat' dir='ltr'>tx.</span> <span class='ocrx_word' id='word_1_136' title='bbox 292 2024 340 2070; x_wconf 79' lang='lat'>26.</span> <span class='ocrx_word' id='word_1_137' title='bbox 363 2004 435 2070; x_wconf 85' lang='lat' dir='ltr'>Sed</span> <span class='ocrx_word' id='word_1_138' title='bbox 458 2004 551 2079; x_wconf 88' lang='lat' dir='ltr'>vide,</span> <span class='ocrx_word' id='word_1_139' title='bbox 577 2024 721 2116; x_wconf 51' lang='lat' dir='ltr'>qlssliso’</span> <span class='ocrx_word' id='word_1_140' title='bbox 747 2003 891 2081; x_wconf 87' lang='lat' dir='ltr'>Caesar,</span> <span class='ocrx_word' id='word_1_141' title='bbox 919 2004 1144 2069; x_wconf 87' lang='lat' dir='ltr'>constantiam</span> <span class='ocrx_word' id='word_1_142' title='bbox 1168 2027 1222 2070; x_wconf 90' lang='lat' dir='ltr'>or·</span> <span class='ocrx_word' id='word_1_143' title='bbox 1278 2064 1287 2072; x_wconf 81' lang='grc'>,.</span> 
     </span>
    </p>

    <p class='ocr_par' dir='ltr' id='par_1_2' title="bbox 169 2104 1244 3992">
     <span class='ocr_line' id='line_1_21' title="bbox 169 2104 1222 2191; baseline 0 -21"><span class='ocrx_word' id='word_1_144' title='bbox 169 2105 337 2170; x_wconf 89' lang='lat' dir='ltr'>natissimi</span> <span class='ocrx_word' id='word_1_145' title='bbox 361 2104 423 2169; x_wconf 87' lang='lat' dir='ltr'>viri</span> <span class='ocrx_word' id='word_1_146' title='bbox 460 2104 708 2191; x_wconf 81' lang='lat' dir='ltr'>[Tuberonis],</span> <span class='ocrx_word' id='word_1_147' title='bbox 730 2125 835 2190; x_wconf 89' lang='lat' dir='ltr'>quam</span> <span class='ocrx_word' id='word_1_148' title='bbox 864 2126 943 2191; x_wconf 86' lang='lat' dir='ltr'>ego,</span> <span class='ocrx_word' id='word_1_149' title='bbox 967 2106 1123 2190; x_wconf 90' lang='lat' dir='ltr'>quamvis</span> <span class='ocrx_word' id='word_1_150' title='bbox 1147 2105 1222 2189; x_wconf 89' lang='lat' dir='ltr'>ipse</span> 
     </span>
     <span class='ocr_line' id='line_1_22' title="bbox 169 2204 1222 2294; baseline 0 -25"><span class='ocrx_word' id='word_1_151' title='bbox 169 2206 363 2294; x_wconf 59' lang='lat' dir='ltr'>probarem,</span> <span class='ocrx_word' id='word_1_152' title='bbox 381 2215 419 2268; x_wconf 89' lang='lat' dir='ltr'>ut</span> <span class='ocrx_word' id='word_1_153' title='bbox 446 2204 567 2289; x_wconf 91' lang='lat' dir='ltr'>prob0,</span> <span class='ocrx_word' id='word_1_154' title='bbox 586 2215 702 2268; x_wconf 90' lang='lat' dir='ltr'>tamen</span> <span class='ocrx_word' id='word_1_155' title='bbox 726 2227 795 2268; x_wconf 86' lang='lat' dir='ltr'>non</span> <span class='ocrx_word' id='word_1_156' title='bbox 820 2225 1138 2280; x_wconf 85' lang='lat' dir='ltr'>commemorarem,</span> <span class='ocrx_word' id='word_1_157' title='bbox 1158 2205 1222 2270; x_wconf 91' lang='lat' dir='ltr'>nisi</span> 
     </span>
     <span class='ocr_line' id='line_1_23' title="bbox 170 2296 1222 2395; baseline -0.001 -24"><span class='ocrx_word' id='word_1_158' title='bbox 170 2328 191 2371; x_wconf 92' lang='lat' dir='ltr'>a</span> <span class='ocrx_word' id='word_1_159' title='bbox 209 2296 503 2395; x_wconf 59' lang='lat' dir='ltr'>ffi‘cirgnpyissem</span> <span class='ocrx_word' id='word_1_160' title='bbox 528 2304 563 2368; x_wconf 91' lang='lat' dir='ltr'>in</span> <span class='ocrx_word' id='word_1_161' title='bbox 590 2304 709 2388; x_wconf 91' lang='lat' dir='ltr'>primis</span> <span class='ocrx_word' id='word_1_162' title='bbox 734 2326 812 2370; x_wconf 90' lang='lat' dir='ltr'>eam</span> <span class='ocrx_word' id='word_1_163' title='bbox 832 2306 990 2371; x_wconf 85' lang='lat' dir='ltr'>virtutem</span> <span class='ocrx_word' id='word_1_164' title='bbox 1015 2308 1124 2394; x_wconf 62' lang='lat' dir='ltr'>solere</span> <span class='ocrx_word' id='word_1_165' title='bbox 1149 2307 1222 2370; x_wconf 89' lang='lat' dir='ltr'>lau·</span> 
     </span>
     <span class='ocr_line' id='line_1_24' title="bbox 170 2393 1222 2493; baseline -0.002 -21"><span class='ocrx_word' id='word_1_166' title='bbox 170 2407 256 2472; x_wconf 88' lang='lat' dir='ltr'>dari.</span> <span class='ocrx_word' id='word_1_167' title='bbox 307 2405 408 2489; x_wconf 77' lang='lat' dir='ltr'>Qae</span> <span class='ocrx_word' id='word_1_168' title='bbox 433 2404 495 2469; x_wconf 82' lang='lat' dir='ltr'>fuit</span> <span class='ocrx_word' id='word_1_169' title='bbox 517 2405 621 2491; x_wconf 81' lang='lat' dir='ltr'>igitur</span> <span class='ocrx_word' id='word_1_170' title='bbox 640 2426 804 2493; x_wconf 88' lang='lat' dir='ltr'>umquam</span> <span class='ocrx_word' id='word_1_171' title='bbox 821 2405 857 2469; x_wconf 91' lang='lat' dir='ltr'>in</span> <span class='ocrx_word' id='word_1_172' title='bbox 873 2406 943 2471; x_wconf 92' lang='lat' dir='ltr'>ullo</span> <span class='ocrx_word' id='word_1_173' title='bbox 967 2393 1114 2471; x_wconf 66' lang='lat' dir='ltr'>hom&#39;iise</span> <span class='ocrx_word' id='word_1_174' title='bbox 1129 2418 1222 2471; x_wconf 90' lang='lat' dir='ltr'>tanta</span> 
     </span>
     <span class='ocr_line' id='line_1_25' title="bbox 170 2504 1223 2591; baseline 0 -20"><span class='ocrx_word' id='word_1_175' title='bbox 170 2504 382 2571; x_wconf 84' lang='lat' dir='ltr'>constantia?</span> <span class='ocrx_word' id='word_1_176' title='bbox 428 2504 666 2571; x_wconf 89' lang='lat' dir='ltr'>Constantiam</span> <span class='ocrx_word' id='word_1_177' title='bbox 684 2504 783 2570; x_wconf 87' lang='lat' dir='ltr'>dico?</span> <span class='ocrx_word' id='word_1_178' title='bbox 815 2507 931 2571; x_wconf 88' lang='lat' dir='ltr'>nescio</span> <span class='ocrx_word' id='word_1_179' title='bbox 955 2528 998 2570; x_wconf 91' lang='lat' dir='ltr'>an</span> <span class='ocrx_word' id='word_1_180' title='bbox 1016 2507 1138 2572; x_wconf 90' lang='lat' dir='ltr'>melius</span> <span class='ocrx_word' id='word_1_181' title='bbox 1162 2529 1223 2591; x_wconf 89' lang='lat' dir='ltr'>pa-</span> 
     </span>
     <span class='ocr_line' id='line_1_26' title="bbox 169 2602 1222 2712; baseline 0.003 -42"><span class='ocrx_word' id='word_1_182' title='bbox 169 2606 322 2671; x_wconf 89' lang='lat' dir='ltr'>tientiam</span> <span class='ocrx_word' id='word_1_183' title='bbox 346 2604 475 2712; x_wconf 52' lang='lat' dir='ltr'>posQn</span> <span class='ocrx_word' id='word_1_184' title='bbox 502 2605 630 2669; x_wconf 88' lang='lat' dir='ltr'>dicere.</span> <span class='ocrx_word' id='word_1_185' title='bbox 681 2602 817 2687; x_wconf 68' lang='lat' dir='ltr'>Quotus</span> <span class='ocrx_word' id='word_1_186' title='bbox 842 2606 934 2670; x_wconf 89' lang='lat' dir='ltr'>enim</span> <span class='ocrx_word' id='word_1_187' title='bbox 962 2607 1051 2672; x_wconf 90' lang='lat' dir='ltr'>istud</span> <span class='ocrx_word' id='word_1_188' title='bbox 1079 2607 1222 2693; x_wconf 93' lang='lat' dir='ltr'>quisque</span> 
     </span>
     <span class='ocr_line' id='line_1_27' title="bbox 170 2704 1223 2794; baseline 0.002 -24"><span class='ocrx_word' id='word_1_189' title='bbox 170 2707 318 2794; x_wconf 67' lang='lat' dir='ltr'>legisset,</span> <span class='ocrx_word' id='word_1_190' title='bbox 336 2715 384 2780; x_wconf 90' lang='lat' dir='ltr'>ut,</span> <span class='ocrx_word' id='word_1_191' title='bbox 404 2706 563 2791; x_wconf 90' lang='lat' dir='ltr'>aquibus</span> <span class='ocrx_word' id='word_1_192' title='bbox 581 2704 734 2789; x_wconf 90' lang='lat' dir='ltr'>partibus</span> <span class='ocrx_word' id='word_1_193' title='bbox 759 2705 794 2769; x_wconf 86' lang='lat' dir='ltr'>in</span> <span class='ocrx_word' id='word_1_194' title='bbox 812 2706 1023 2771; x_wconf 85' lang='lat' dir='ltr'>dissensione</span> <span class='ocrx_word' id='word_1_195' title='bbox 1040 2707 1131 2771; x_wconf 87' lang='lat' dir='ltr'>civili</span> <span class='ocrx_word' id='word_1_196' title='bbox 1154 2730 1223 2772; x_wconf 90' lang='lat' dir='ltr'>non</span> 
     </span>
     <span class='ocr_line' id='line_1_28' title="bbox 171 2797 1220 2899; baseline -0.001 -27"><span class='ocrx_word' id='word_1_197' title='bbox 171 2797 450 2899; x_wconf 44' lang='lat' dir='ltr'>es‘qe&#39;t‘receptus,</span> <span class='ocrx_word' id='word_1_198' title='bbox 479 2816 568 2886; x_wconf 68' lang='lat' dir='ltr'>esset</span> <span class='ocrx_word' id='word_1_199' title='bbox 592 2804 694 2868; x_wconf 87' lang='lat' dir='ltr'>etiam</span> <span class='ocrx_word' id='word_1_200' title='bbox 720 2826 799 2869; x_wconf 90' lang='lat' dir='ltr'>cum</span> <span class='ocrx_word' id='word_1_201' title='bbox 832 2806 1031 2871; x_wconf 85' lang='lat' dir='ltr'>crudelitate</span> <span class='ocrx_word' id='word_1_202' title='bbox 1062 2807 1220 2894; x_wconf 61' lang='lat' dir='ltr'>rejectus</span> 
     </span>
     <span class='ocr_line' id='line_1_29' title="bbox 172 2903 1222 2998; baseline 0 -27"><span class='ocrx_word' id='word_1_203' title='bbox 172 2908 216 2971; x_wconf 89' lang='lat' dir='ltr'>ad</span> <span class='ocrx_word' id='word_1_204' title='bbox 240 2927 298 2971; x_wconf 92' lang='lat' dir='ltr'>eos</span> <span class='ocrx_word' id='word_1_205' title='bbox 323 2905 415 2991; x_wconf 91' lang='lat' dir='ltr'>ipsos</span> <span class='ocrx_word' id='word_1_206' title='bbox 440 2903 587 2985; x_wconf 67' lang='lat' dir='ltr'>rediret?</span> <span class='ocrx_word' id='word_1_207' title='bbox 635 2903 760 2992; x_wconf 86' lang='lat' dir='ltr'>Magni</span> <span class='ocrx_word' id='word_1_208' title='bbox 790 2906 969 2995; x_wconf 88' lang='lat' dir='ltr'>cujusdam</span> <span class='ocrx_word' id='word_1_209' title='bbox 996 2906 1099 2998; x_wconf 45' lang='lat' dir='ltr'>aqi-mi</span> <span class='ocrx_word' id='word_1_210' title='bbox 1121 2918 1222 2992; x_wconf 87' lang='lat' dir='ltr'>atque</span> 
     </span>
     <span class='ocr_line' id='line_1_30' title="bbox 171 3004 1223 3094; baseline 0.002 -24"><span class='ocrx_word' id='word_1_211' title='bbox 171 3006 245 3094; x_wconf 88' lang='lat' dir='ltr'>ejus</span> <span class='ocrx_word' id='word_1_212' title='bbox 271 3004 335 3069; x_wconf 90' lang='lat' dir='ltr'>viri</span> <span class='ocrx_word' id='word_1_213' title='bbox 364 3017 426 3079; x_wconf 88' lang='lat' dir='ltr'>est,</span> <span class='ocrx_word' id='word_1_214' title='bbox 454 3027 556 3091; x_wconf 88' lang='lat' dir='ltr'>quem</span> <span class='ocrx_word' id='word_1_215' title='bbox 588 3006 632 3069; x_wconf 93' lang='lat' dir='ltr'>de</span> <span class='ocrx_word' id='word_1_216' title='bbox 661 3018 820 3092; x_wconf 88' lang='lat' dir='ltr'>suscepta</span> <span class='ocrx_word' id='word_1_217' title='bbox 850 3029 954 3073; x_wconf 90' lang='lat' dir='ltr'>causa</span> <span class='ocrx_word' id='word_1_218' title='bbox 982 3008 1223 3093; x_wconf 71' lang='lat' dir='ltr'>prdp&#39;ositaque</span> 
     </span>
     <span class='ocr_line' id='line_1_31' title="bbox 171 3105 1223 3194; baseline 0.001 -24"><span class='ocrx_word' id='word_1_219' title='bbox 171 3105 337 3171; x_wconf 88' lang='lat' dir='ltr'>sententia</span> <span class='ocrx_word' id='word_1_220' title='bbox 361 3106 455 3169; x_wconf 89' lang='lat' dir='ltr'>nulla</span> <span class='ocrx_word' id='word_1_221' title='bbox 481 3106 702 3181; x_wconf 87' lang='lat' dir='ltr'>contumelia,</span> <span class='ocrx_word' id='word_1_222' title='bbox 729 3110 823 3173; x_wconf 89' lang='lat' dir='ltr'>nulla</span> <span class='ocrx_word' id='word_1_223' title='bbox 847 3108 911 3184; x_wconf 90' lang='lat' dir='ltr'>vis,</span> <span class='ocrx_word' id='word_1_224' title='bbox 934 3110 1066 3173; x_wconf 87' lang='lat' dir='ltr'>nullum</span> <span class='ocrx_word' id='word_1_225' title='bbox 1091 3109 1223 3194; x_wconf 88' lang='lat' dir='ltr'>pericu-</span> 
     </span>
     <span class='ocr_line' id='line_1_32' title="bbox 170 3204 1223 3301; baseline 0.002 -31"><span class='ocrx_word' id='word_1_226' title='bbox 170 3207 243 3270; x_wconf 92' lang='lat' dir='ltr'>lum</span> <span class='ocrx_word' id='word_1_227' title='bbox 266 3204 371 3293; x_wconf 69' lang='lat' dir='ltr'>P9.S.⁵.il</span> <span class='ocrx_word' id='word_1_228' title='bbox 387 3205 573 3289; x_wconf 84' lang='lat' dir='ltr'>depellere.</span> <span class='ocrx_word' id='word_1_229' title='bbox 622 3225 669 3273; x_wconf 73' lang='lat'>27.</span> <span class='ocrx_word' id='word_1_230' title='bbox 694 3209 740 3301; x_wconf 79' lang='lat' dir='ltr'>Ut</span> <span class='ocrx_word' id='word_1_231' title='bbox 757 3210 848 3273; x_wconf 91' lang='lat' dir='ltr'>enim</span> <span class='ocrx_word' id='word_1_232' title='bbox 866 3221 977 3274; x_wconf 89' lang='lat' dir='ltr'>cetera</span> <span class='ocrx_word' id='word_1_233' title='bbox 994 3209 1090 3301; x_wconf 60' lang='lat' dir='ltr'>paria</span> <span class='ocrx_word' id='word_1_234' title='bbox 1106 3209 1223 3272; x_wconf 88' lang='lat' dir='ltr'>Tube·</span> 
     </span>
     <span class='ocr_line' id='line_1_33' title="bbox 170 3280 1220 3394; baseline 0.004 -26"><span class='ocrx_word' id='word_1_235' title='bbox 170 3304 245 3369; x_wconf 90' lang='lat' dir='ltr'>roni</span> <span class='ocrx_word' id='word_1_236' title='bbox 273 3325 352 3369; x_wconf 92' lang='lat' dir='ltr'>cum</span> <span class='ocrx_word' id='word_1_237' title='bbox 375 3303 470 3370; x_wconf 91' lang='lat' dir='ltr'>Varo</span> <span class='ocrx_word' id='word_1_238' title='bbox 486 3305 641 3394; x_wconf 67' lang='lat' dir='ltr'>fuissent,</span> <span class='ocrx_word' id='word_1_239' title='bbox 655 3280 832 3384; x_wconf 63' lang='lat' dir='ltr'>-htlnds,</span> <span class='ocrx_word' id='word_1_240' title='bbox 852 3310 1022 3384; x_wconf 88' lang='lat' dir='ltr'>nobilitas,</span> <span class='ocrx_word' id='word_1_241' title='bbox 1047 3310 1220 3394; x_wconf 90' lang='lat' dir='ltr'>splendor,</span> 
     </span>
     <span class='ocr_line' id='line_1_34' title="bbox 171 3404 1244 3509; baseline 0.006 -41"><span class='ocrx_word' id='word_1_242' title='bbox 171 3404 494 3509; x_wconf 37' lang='lat' dir='ltr'>ingeniuchquae</span> <span class='ocrx_word' id='word_1_243' title='bbox 547 3431 764 3495; x_wconf 88' lang='lat' dir='ltr'>nequaquam</span> <span class='ocrx_word' id='word_1_244' title='bbox 805 3410 1094 3486; x_wconf 86' lang='lat' dir='ltr'>luerunt,-—hoc</span> <span class='ocrx_word' id='word_1_245' title='bbox 1133 3421 1244 3474; x_wconf 88' lang='lat' dir='ltr'>certe</span> 
     </span>
     <span class='ocr_line' id='line_1_35' title="bbox 170 3478 1223 3596; baseline 0.006 -30"><span class='ocrx_word' id='word_1_246' title='bbox 170 3478 394 3589; x_wconf 60' lang='lat' dir='ltr'>prabcipib&#39;m</span> <span class='ocrx_word' id='word_1_247' title='bbox 422 3506 629 3584; x_wconf 85' lang='lat' dir='ltr'>Tuberonis,</span> <span class='ocrx_word' id='word_1_248' title='bbox 662 3510 753 3594; x_wconf 91' lang='lat' dir='ltr'>quod</span> <span class='ocrx_word' id='word_1_249' title='bbox 781 3509 871 3596; x_wconf 86' lang='lat' dir='ltr'>justo</span> <span class='ocrx_word' id='word_1_250' title='bbox 900 3529 979 3573; x_wconf 92' lang='lat' dir='ltr'>cum</span> <span class='ocrx_word' id='word_1_251' title='bbox 1010 3509 1153 3593; x_wconf 88' lang='lat' dir='ltr'>imperio</span> <span class='ocrx_word' id='word_1_252' title='bbox 1179 3530 1223 3572; x_wconf 88' lang='lat' dir='ltr'>ex</span> 
     </span>
     <span class='ocr_line' id='line_1_36' title="bbox 170 3608 1223 3692; baseline 0.005 -26"><span class='ocrx_word' id='word_1_253' title='bbox 170 3614 308 3667; x_wconf 89' lang='lat' dir='ltr'>senatus</span> <span class='ocrx_word' id='word_1_254' title='bbox 332 3608 487 3672; x_wconf 88' lang='lat' dir='ltr'>consulto</span> <span class='ocrx_word' id='word_1_255' title='bbox 513 3608 547 3671; x_wconf 93' lang='lat' dir='ltr'>in</span> <span class='ocrx_word' id='word_1_256' title='bbox 573 3608 784 3692; x_wconf 85' lang='lat' dir='ltr'>provinciam</span> <span class='ocrx_word' id='word_1_257' title='bbox 810 3628 908 3672; x_wconf 91' lang='lat' dir='ltr'>suam</span> <span class='ocrx_word' id='word_1_258' title='bbox 931 3620 1081 3673; x_wconf 88' lang='lat' dir='ltr'>venerat.</span> <span class='ocrx_word' id='word_1_259' title='bbox 1131 3608 1223 3671; x_wconf 92' lang='lat' dir='ltr'>Hinc</span> 
     </span>
     <span class='ocr_line' id='line_1_37' title="bbox 169 3703 1220 3809; baseline 0.001 -43"><span class='ocrx_word' id='word_1_260' title='bbox 169 3703 359 3792; x_wconf 79' lang='lat' dir='ltr'>prohibitus</span> <span class='ocrx_word' id='word_1_261' title='bbox 388 3729 458 3772; x_wconf 89' lang='lat' dir='ltr'>non</span> <span class='ocrx_word' id='word_1_262' title='bbox 487 3708 531 3771; x_wconf 91' lang='lat' dir='ltr'>ad</span> <span class='ocrx_word' id='word_1_263' title='bbox 553 3707 753 3782; x_wconf 89' lang='lat' dir='ltr'>Caesarem,</span> <span class='ocrx_word' id='word_1_264' title='bbox 774 3728 816 3770; x_wconf 89' lang='lat' dir='ltr'>ne</span> <span class='ocrx_word' id='word_1_265' title='bbox 840 3707 958 3782; x_wconf 91' lang='lat' dir='ltr'>iratus,</span> <span class='ocrx_word' id='word_1_266' title='bbox 977 3729 1045 3770; x_wconf 92' lang='lat' dir='ltr'>non</span> <span class='ocrx_word' id='word_1_267' title='bbox 1068 3708 1220 3809; x_wconf 60' lang='lat' dir='ltr'>dQQm’</span> 
     </span>
     <span class='ocr_line' id='line_1_38' title="bbox 170 3805 1222 3895; baseline 0.001 -28"><span class='ocrx_word' id='word_1_268' title='bbox 170 3823 214 3868; x_wconf 89' lang='lat' dir='ltr'>ne</span> <span class='ocrx_word' id='word_1_269' title='bbox 236 3805 343 3895; x_wconf 54' lang='lat' dir='ltr'>ine-rs,</span> <span class='ocrx_word' id='word_1_270' title='bbox 368 3820 443 3871; x_wconf 76' lang='lat' dir='ltr'>&#39;non</span> <span class='ocrx_word' id='word_1_271' title='bbox 467 3806 503 3869; x_wconf 93' lang='lat' dir='ltr'>in</span> <span class='ocrx_word' id='word_1_272' title='bbox 528 3807 678 3891; x_wconf 90' lang='lat' dir='ltr'>aliquam</span> <span class='ocrx_word' id='word_1_273' title='bbox 703 3805 894 3892; x_wconf 86' lang='lat' dir='ltr'>regionem,</span> <span class='ocrx_word' id='word_1_274' title='bbox 922 3828 965 3870; x_wconf 90' lang='lat' dir='ltr'>ne</span> <span class='ocrx_word' id='word_1_275' title='bbox 992 3805 1222 3870; x_wconf 90' lang='lat' dir='ltr'>condemnare</span> 
     </span>
     <span class='ocr_line' id='line_1_39' title="bbox 171 3897 1223 3992; baseline -0.001 -24"><span class='ocrx_word' id='word_1_276' title='bbox 171 3897 312 3971; x_wconf 69' lang='lat' dir='ltr'>causam</span> <span class='ocrx_word' id='word_1_277' title='bbox 335 3906 429 3970; x_wconf 87' lang='lat' dir='ltr'>illam</span> <span class='ocrx_word' id='word_1_278' title='bbox 448 3926 552 3992; x_wconf 90' lang='lat' dir='ltr'>quam</span> <span class='ocrx_word' id='word_1_279' title='bbox 569 3915 704 3970; x_wconf 88' lang='lat' dir='ltr'>secutus</span> <span class='ocrx_word' id='word_1_280' title='bbox 725 3915 809 3980; x_wconf 89' lang='lat' dir='ltr'>erat,</span> <span class='ocrx_word' id='word_1_281' title='bbox 827 3905 1019 3970; x_wconf 79' lang='lat' dir='ltr'>videretur:</span> <span class='ocrx_word' id='word_1_282' title='bbox 1051 3903 1086 3966; x_wconf 92' lang='lat' dir='ltr'>in</span> <span class='ocrx_word' id='word_1_283' title='bbox 1103 3902 1223 3968; x_wconf 90' lang='lat' dir='ltr'>Mace·</span> 
     </span>
    </p>
   </div>
   <div class='ocr_carea' id='block_1_2' title="bbox 0 0 1368 4438">
    <p class='ocr_par' dir='ltr' id='par_1_3' title="bbox 0 0 1368 4438">
     <span class='ocr_line' id='line_1_40' title="bbox 0 0 1368 4438; baseline 0 0"><span class='ocrx_word' id='word_1_284' title='bbox 0 0 1368 4438; x_wconf 95' lang='lat' dir='ltr'> </span> 
     </span>
    </p>
   </div>
  </div>
 </body>
</html>
