2760 4448
198 218 220 286 8
334 248 337 255 ⁴
521 219 679 308 Deflnce
703 220 750 308 gf
763 206 931 287 Roscius..
1005 232 1009 235 “
1057 215 1166 286 [Rosc.
1191 217 1271 275 ΑΜ..

244 439 296 484 x1.
321 437 363 484 19.
386 419 481 504 Quid
498 421 646 506 primurn
659 420 814 508 querar?
839 432 897 487 aut
908 420 1002 487 unde
1017 419 1266 504 potissimum,

205 519 354 608 judices,
387 519 532 585 ordiar?
577 531 635 585 aut
665 522 757 606 quod
789 532 847 585 aut
879 542 899 584 a
930 520 1053 606 quibus
1080 519 1267 583 auxilium

200 630 315 705 petam
332 617 362 687 ?v
393 618 591 685 Deorumne
616 620 872 710 immortalium,
894 620 1057 705 populine
1081 618 1263 692 Romani,

200 729 407 792 vestramne,
446 719 505 805 qui
545 741 716 784 summam
755 729 956 805 potestatem
996 719 1141 790 habetis,
1184 719 1266 783 hoc

199 828 352 903 tempore
383 819 486 884 fidem
518 817 731 905 implorem?
793 818 896 883 Pater
931 818 1066 885 occisus
1102 817 1261 892 nefarie,

201 918 323 984 domus
346 919 487 983 obsessa
511 919 555 983 ab
578 919 738 995 inimicis,
760 919 851 984 bona
875 919 1048 1003 adempta,
1073 938 1259 1003 possessa,

201 1017 345 1103 direpta,
375 1016 423 1081 fili
459 1018 527 1082 vita
561 1018 697 1093 infesta,
727 1039 831 1102 saepe
863 1018 952 1083 ferro
983 1028 1085 1103 atque
1115 1017 1261 1085 insidiis

106 1158 108 1161 -
201 1116 512 1202 appetita-quid
540 1118 583 1182 ab
612 1118 666 1183 his
689 1129 743 1183 tot'
760 1118 937 1183 maleficiis
962 1117 1101 1187 sceleris
1125 1119 1260 1185 abesse

200 1214 354 1281 videtur?
385 1216 522 1281 Tamen
540 1218 627 1283 haec
644 1217 719 1281 aliis
732 1217 871 1282 nefariis
885 1218 1061 1283 cumulant
1074 1229 1176 1303 atque
1190 1218 1260 1282 ad-

201 1326 351 1404 augent:
380 1316 510 1382 crimen
533 1317 734 1393 incredibile
759 1317 973 1404 confingunt,
991 1317 1084 1385 testis
1104 1318 1139 1381 in
1156 1319 1259 1383 hunc

200 1426 234 1481 et
269 1427 485 1481 accusatores
516 1417 659 1504 hujusce
690 1416 837 1502 pecunia
868 1428 1080 1502 comparant.
1145 1416 1257 1485 Hanc

201 1515 438 1581 condicionem
462 1516 586 1581 misero
610 1517 733 1591 serunt,
752 1527 788 1580 ut
807 1529 910 1600 optet,
929 1531 1041 1580 utrum
1063 1517 1157 1585 malit
1174 1538 1254 1581 cer-

200 1617 294 1681 vices
306 1616 435 1681 Roscio
446 1617 543 1690 dare,
559 1637 616 1691 an,
631 1616 763 1681 insutus
780 1616 815 1679 in
832 1617 982 1690 culeum,
998 1638 1059 1701 per
1075 1638 1254 1681 summum

149 1786 152 1791 ⁴
201 1718 351 1782 dedecus
368 1716 472 1781 vitam
490 1716 654 1780 amittere.
704 1715 869 1781 Patronos
887 1716 967 1783 huic
988 1716 1162 1783 defuturos
1188 1738 1254 1800 pu-

201 1827 377 1881 taverunt:
406 1818 549 1882 desunt:
578 1816 636 1901 qui
656 1816 762 1880 libere
787 1816 890 1889 dicat,
913 1815 971 1901 qui
995 1836 1074 1880 cum
1099 1817 1166 1880 fide
1190 1815 1253 1881 de-

201 1916 433 1990 fendat—id
455 1917 547 2001 quod
571 1915 605 1978 in
631 1915 697 1978 hac
721 1935 826 1979 causa
851 1925 901 1980 est
926 1915 1251 2001 satis-quoniam
1353 1922 1363 1993 ἢ

106 2076 109 2077 ⁷
197 2015 340 2101 ,quidem
357 2015 506 2098 suscepi,
526 2031 593 2079 non
610 2015 705 2079 deest
721 2014 884 2098 profect0‚
899 2014 1045 2101 judices.

247 2134 327 2179 x111.
352 2130 401 2177 ao.
424 2114 513 2181 Tres
530 2124 608 2177 sunt
619 2133 687 2188 res,
702 2111 866 2198 quantum
881 2135 947 2200 ego
960 2114 1155 2183 existimare
1172 2135 1250 2199 pos-

203 2236 291 2289 sum,
311 2235 399 2300 quae
416 2213 549 2278 obstent
566 2213 631 2276 hoc
650 2223 802 2296 tempore
828 2213 912 2277 Sex.
937 2213 1086 2279 Roscio:
1120 2214 1249 2281 crimen

203 2313 491 2388 adversariorum,
529 2323 562 2376 et
597 2311 756 2387 audacia,
791 2323 824 2377 et
860 2313 1022 2399 potentia.
1087 2312 1248 2381 Criminis

204 2413 441 2478 confictionem
468 2423 647 2476 accusator
670 2411 852 2499 [Erucius]
880 2413 1050 2497 suscepit3
1085 2414 1248 2481 audaciae

204 2513 308 2597 partis
331 2512 450 2577 Roscii
475 2512 539 2577 sibi
563 2523 813 2597 poposcerunt3
846 2510 1096 2599 Chrysogonus
1121 2525 1247 2598 autem,

204 2613 233 2676 is
260 2612 318 2698 qui
347 2612 531 2697 plurimum
559 2622 680 2696 potest,
704 2611 854 2696 potentia
883 2623 1023 2698 pugnat.
1073 2607 1126 2679 De
1155 2596 1246 2681 hisce

203 2713 362 2778 omnibus
389 2713 491 2777 rebus
519 2732 574 2775 me
602 2712 716 2776 dicere
743 2723 898 2794 oportere
930 2711 1105 2799 inteliego.
1154 2711 1246 2795 Quid

204 2814 308 2900 igitur
331 2811 412 2877 est?
458 2811 540 2879 Non
558 2812 678 2876 eodem
697 2811 797 2878 modo
815 2811 858 2875 de
874 2811 1045 2885 omnibus
1064 2812 1141 2877 ideo
1159 2814 1245 2897 quod

204 2916 315 3001 prima
339 2912 397 2976 illa
421 2934 476 2977 res
497 2912 541 2976 ad
557 2932 673 2987 meum
690 2911 839 2975 officium
858 2910 1014 2994 pertinet,
1033 2912 1120 2981 duas
1137 2924 1244 2979 autem

205 3013 353 3099 reliquas
372 3012 470 3076 vobis
489 3011 636 3096 populus
658 3010 838 3079 Romanus
863 3009 1035 3093 imposuit.
1084 3009 1162 3098 Ego
1185 3012 1244 3075 cri·

200 3135 284 3190 men
312 3123 443 3198 oportet
471 3110 621 3183 diluam3
661 3130 722 3177 vos
755 3120 787 3173 et
818 3110 987 3177 audaciae
1019 3109 1186 3184 resistere,
1206 3122 1244 3194 vet

201 3211 382 3279 hominum
407 3211 480 3298 ejus
505 3209 597 3274 modi
622 3208 851 3294 perniciosam
876 3221 976 3294 atque
1000 3209 1242 3283 intolerandam

104 3296 128 3347 f
194 3310 390 3397 :potentiam
418 3310 529 3396 primo
556 3328 692 3395 quoque
720 3319 873 3392 tempore
901 3309 1122 3397 exstinguere
1150 3320 1242 3396 atque

205 3410 398 3496 opprimere
422 3410 564 3488 debetis.

139 3528 140 3533 ’
218 3527 291 3583 ΑΔ.
316 3509 494 3575 Occidisse
519 3521 649 3594 patrem
675 3507 760 3572 Sex.
782 3507 931 3574 Roscius
955 3509 1119 3597 arguitur.
1168 3509 1241 3577 Sce-

205 3612 341 3685 lestum‚
355 3611 390 3675 di
406 3609 636 3674 immortales!
662 3630 702 3674 ac
719 3608 888 3674 nefarium
904 3609 1049 3685 facinus
1066 3622 1166 3696 atque
1178 3612 1240 3699 ejus
1333 3668 1334 3671 ,
1361 3664 1363 3695 3

206 3712 311 3784 modi,
330 3732 398 3796 quo
414 3731 483 3773 uno
502 3709 670 3773 maleficio
687 3709 817 3773 seelera
834 3708 950 3773 omnia
973 3711 1155 3794 complexa
1176 3733 1239 3777 esse
1362 3702 1363 3711 ¹

205 3810 397 3875 videantur.
442 3808 578 3873 Etenim
596 3808 636 3883 si,
651 3808 687 3872 id
704 3809 794 3893 quod
812 3809 988 3892 praeclare
1005 3829 1025 3874 a
1042 3809 1244 3895 sapientibus,

207 3909 341 3985 dicitur,
364 3909 458 3975 voltu
485 3929 589 3994 saepe
616 3907 762 3975 laeditur
785 3907 907 3994 pietas,
930 3909 1023 3994 quod
1046 3910 1236 3996 supplicium
