2572 4442
511 106 515 131 Ι
965 84 972 111 l

20 162 25 217 ι
352 142 399 181 '=
499 196 505 203 .
849 122 866 213 ἦ
968 150 1037 213 ιι

93 283 151 324 vm·
169 271 224 342 20·]
248 268 324 338 Me
349 273 603 340 Deliberance:
637 274 747 364 Signs
770 275 845 341 and
870 273 1007 342 Orneus.
1081 290 1144 361 117

88 472 129 536 ad
156 473 250 538 hanc
276 473 372 539 diem
403 475 637 553 remansisset,
666 495 890 564 quamquam,
920 475 1034 564 quoad
1066 476 1142 554 suit,

86 572 242 638 omnibus
260 574 341 662 ejus
367 543 677 641 conii'hffisrri
694 586 795 663 atque
819 576 943 651 obstiti,
961 588 1092 653 tamen,
1110 580 1190 643 ut

84 671 323 788 levissimer
284 675 415 768 Qu,
437 675 740 741 dimicandumo
696 676 795 767 Q
819 697 897 741 cum
923 676 1053 743 illor
1006 677 1144 767 sifflett

84 793 192 857 neque
221 794 292 838 nos
323 796 502 861 umquam,
532 797 610 840 cum
587 768 733 840 '‘ille
725 797 760 841 m
788 777 873 842 urbe
902 776 1009 841 hostis
1039 788 1142 852 esset,

83 871 182 936 tantis
211 872 382 957 periculis
405 895 479 939 rem
502 875 677 961 publicam
701 886 864 941 tantaa
819 896 921 969 Q
946 886 1039 942 tanto
1062 876 1143 952 otio,

82 980 171 1036 tanto
189 972 336 1040 silentio
352 976 608 1059 liberassemus.

123 1089 206 1135 vm.
233 1089 280 1136 re.
308 1073 531 1162 Quamquam
548 1076 636 1141 haec
662 1074 791 1152 omnia,
811 1073 979 1162 Quirites,
997 1075 1044 1141 ita
1068 1087 1146 1142 sunt

83 1189 172 1234 ame
191 1172 450 1250 administrata,
469 1185 507 1239 ut
518 1176 664 1240 deorum
681 1175 925 1251 immortalium
942 1186 1026 1241 nutu
1044 1187 1145 1262 atque

82 1271 226 1337 consilio
261 1284 299 1339 et
329 1287 428 1362 gesta
459 1286 494 1339 et
527 1275 664 1388 provisa
695 1296 771 1341 esse
798 1297 832 1340 v
814 1274 1001 1357 §EQ-ills,
1042 1274 1145 1362 idque

42 1356 157 1433 ‘tum
196 1373 403 1461 conjectura
428 1374 592 1461 consequi
631 1396 827 1461 possumus,
851 1376 944 1462 quod
967 1375 1027 1441 vix
1049 1374 1145 1439 vide-

82 1478 132 1532 tur
159 1471 315 1537 humani
343 1474 477 1592 cptnni
493 1485 665 1539 tantarum
694 1496 809 1539 rerum
836 1468 1042 1563 gubernatio
1069 1493 1144 1539 esse

84 1570 261 1653 potuisse3
281 1562 458 1637 tum*
371 1594 452 1639 vero
469 1573 514 1638 ita
531 1585 730 1660 praesentes
746 1574 801 1639 his
817 1573 1028 1660 temporibus
1043 1594 1144 1658 opem

83 1679 114 1731 et
130 1672 309 1738 auxilium
327 1674 424 1739 nobis
452 1675 613 1750 tulerunt,
631 1687 669 1739 ut
684 1695 744 1740 eos
767 1694 879 1760 paene
902 1672 1012 1738 oculis
1028 1672 1145 1737 videre

106 1790 250 1837 ossemu
226 1795 285 1839 us
349 1772 442 1838 Nam
470 1785 507 1840 ut
533 1774 593 1839 illa
623 1796 679 1839 om
646 1774 741 1838 mitta
782 1819 790 1849 ,
802 1772 953 1838 -visas
979 1784 1145 1838 nocturno

83 1878 242 1981 tempore
262 1874 308 1938 ab
333 1874 510 1940 occidente
535 1874 642 1966 faces,
642 1862 951 1959 m‘do'remquea
910 1872 1066 1959 egibert
1029 1871 1145 1937 ut-ful

86 1969 218 2036 minum
241 1974 372 2061 jactuS,
390 1986 427 2038 ut
441 1986 552 2040 terrae
579 1985 690 2039 motus
713 1974 920 2061 relinquam,
938 1985 975 2038 ut
992 1972 1144 2039 omittam

86 2082 213 2147 cetera,
243 2095 336 2160 quae
359 2085 429 2139 tam
454 2075 560 2138 multa
584 2074 684 2140 nobis
713 2074 912 2139 consulibus
936 2073 1026 2139 sacta
1052 2086 1141 2148 sunt,

87 2178 121 2230 ut
136 2169 241 2248 haec,
263 2194 352 2260 quae
381 2194 473 2238 nunc
498 2175 595 2261 ilem,
614 2195 738 2261 Q
765 2174 799 2239 di
825 2148 1035 2240 immortales
1050 2174 1145 2264 Q·

85 2274 355 2367 [entnm-hoc
379 2285 483 2351 certe,
505 2276 596 2362 quod
620 2298 696 2341 sum
720 2275 886 2352 dicturus,
911 2297 1022 2362 neque
1046 2296 1145 2361 prae-

137 2371 345 2438 mittendum
370 2396 483 2461 neque
506 2376 768 2489 relinquendum
792 2387 854 2441 est.

67 2376 172 2548 ᾗ).
189 2472 289 2539 Nam
307 2473 458 2561 profecto
475 2476 638 2541 memoria
656 2476 791 2551 tenetis,
806 2475 886 2542 Cott
873 2487 907 2540 ta
923 2486 957 2540 et
969 2474 1146 2563 Torquato
1175 2478 1242 2539 6’“

89 2575 303 2651 consulibus,
322 2575 544 2661 compluris
536 2596 571 2639 m
588 2574 759 2661 Capitolio
787 2597 842 2641 res
870 2576 983 2640 dea
942 2576 1040 2669 Q
1069 2594 1145 2640 esse

89 2689 287 2752 percussas,
315 2695 393 2740 cum
422 2687 455 2739 et
482 2674 667 2739 simulacra
698 2675 841 2739 deorum
877 2666 1019 2760 depfil‘
984 2697 1022 2740 a
1052 2685 1144 2751 sunt,

89 2781 122 2833 et
143 2785 278 2840 statuae
300 2785 453 2857 veterum
478 2773 655 2839 hominum
680 2773 848 2862 dejectae,
868 2784 901 2837 et
901 2775 1040 2862 legum
1064 2794 1146 2887 ³2³

90 2868 297 2958 liquefacta:
321 2886 431 2941 tactus
457 2886 508 2939 est
532 2873 634 2939 etiam
661 2873 719 2937 ille
744 2894 803 2987 qur
794 2873 912 2938 hanc
926 2873 1048 2939 urbem
1065 2872 1153 2939 conl

92 2969 175 3039 didit
192 2975 378 3050 Romulus,
397 2997 498 3062 quem
525 2974 719 3039 inauratum
745 2974 781 3039 in
798 2973 886 3059 Capi
888 2973 981 3049 tolio,
1000 2995 1145 3060 parvum

93 3082 193 3159 atque
219 3077 414 3151 lactentem,
445 3075 608 3141 uberibus
649 3074 777 3161 lupinis
804 3073 1008 3149 inhiantem,
1039 3074 1144 3141 fuisse

94 3176 306 3242 meministis.
366 3174 447 3263 Quo
472 3177 611 3290 quidem
646 3187 801 3263 tempore
837 3195 916 3240 cum
945 3175 1145 3261 haruspices

95 3276 376 3375 Quarta
400 3277 564 3343 convenis
583 3287 652 3354 ent,
671 3277 796 3342 caedes
818 3285 920 3361 atque
937 3274 1096 3340 incendia
1113 3288 1146 3341 et

97 3356 210 3462 legum
239 3377 409 3442 interitum
437 3299 625 3451 mm
659 3378 759 3442 civile
783 3396 825 3441 ac
856 3374 1094 3452 domesticum,
1114 3386 1146 3441 et

96 3475 193 3543 totius
223 3479 319 3544 urbis
362 3491 463 3566 atque
502 3478 625 3565 imperi
663 3498 826 3543 occasum
867 3476 1145 3563 appropinquare

99 3572 265 3654 dixerunt,
284 3577 349 3644 nisi
374 3580 409 3644 di
426 3580 648 3653 immortales
667 3577 760 3643 omni
777 3577 908 3643 ratione
925 3576 1065 3663 placati,
1083 3597 1146 3640 suo

8 3698 11 3777 q
98 3677 234 3743 numine
250 3700 356 3765 prope
373 3679 467 3744 fata
459 3701 534 3765 1psa
560 3678 749 3765 ilergiffiot
797 3695 837 3743 πο
862 3677 982 3780 Itaque
1009 3677 1145 3741 illorum

8 3800 9 3809 ¹
101 3780 267 3865 respo-nnis
284 3790 355 3844 tum
372 3793 405 3845 et
421 3781 492 3846 ludi
510 3768 808 3866 per‘rieffiffdies
825 3777 906 3843 sacti
924 3776 1015 3850 sunt,
1034 3795 1201 3891 neque
1212 3830 1271 3893 p

62 3891 245 4009 ¹§res
175 3879 246 3944 ulla
275 3901 364 3967 quae
392 3881 437 3945 ad
462 3879 652 3966 placandos
678 3879 761 3943 deos
785 3878 969 3979 pertineret
996 3872 1180 3960 praeter-l
1168 3912 1195 3977 3,

100 3990 287 4055 m1ssaest3
313 3979 471 4068 idemque
491 3980 667 4068 jusserunt
683 3968 1014 4061 simulaciuinJovis
1030 3974 1189 4039 facere
1249 3970 1252 3979 ’

1183 4050 1191 4093 ⁴
1268 4078 1270 4215 l
