2572 4442
171 300 215 375 74
394 286 573 375 Pompey’s
596 285 763 372 Mz'lz'tary
791 283 993 352 Command.
1089 258 1226 350 [Manu.-

170 486 238 553 Cn.
274 486 440 583 Pompeio
474 486 627 552 omnium
663 508 777 550 rerum
808 478 1028 598 egregiarum
1062 482 1227 589 exempla

170 603 369 652 sumantur.
393 587 451 674 qui
468 609 535 673 quo
552 587 607 652 die
625 608 645 651 a
662 586 758 651 vobis
775 585 959 650 maritimo
957 585 1054 649 bello
1077 604 1228 668 praepo-

170 687 253 751 situs
281 699 332 751 est
355 687 552 771 imperator,
577 697 671 750 tanta
696 697 836 770 repente
859 685 971 749 vilitas
995 703 1155 748 annonae
1180 704 1227 746 ex

170 807 305 851 summa
333 786 448 871 inopia
476 797 510 850 et
536 787 675 850 caritate
700 786 748 849 rei
772 783 1014 849 frumentariae
1039 793 1228 847 consecuta

171 897 222 949 est
237 886 338 951 unius
355 886 502 952 hominis
519 907 580 971 spe
597 906 638 950 ac
655 885 806 960 nomine,
824 895 988 970 quantam
1004 882 1063 946 vix
1079 882 1114 946 in
1131 903 1228 947 sum-

157 1006 227 1057 ,ma
248 987 400 1050 ubertate
421 1007 582 1073 agrorum
607 985 681 1050 diut
668 996 767 1049 turna
792 1005 861 1069 pax
885 983 1021 1048 efficere
1045 981 1225 1067 potuisset.

113 1042 196 1187 *sd
170 1100 215 1150 45.
234 1087 313 1173 Jam
331 1098 473 1171 accepta
490 1086 524 1149 in
541 1085 591 1151 P
565 1097 651 1165 Qto
667 1085 863 1149 calamitate
883 1105 927 1147 ex
951 1104 992 1147 eo
1017 1082 1159 1168 proelio,
1181 1082 1229 1147 de

170 1209 238 1273 quo
249 1208 309 1251 vos
321 1188 424 1271 paulo
436 1196 513 1250 ante
524 1185 649 1249 invitus
660 1184 837 1264 admonui,
845 1221 891 1232 —
900 1203 979 1248 cum
991 1181 1074 1247 socii
1085 1181 1230 1266 perfim-

170 1286 312 1360 uissent‚
328 1285 475 1351 hostium
492 1307 575 1370 opes
589 1285 762 1370 animique
776 1283 975 1361 crevissent,
991 1281 1072 1347 satis
1085 1282 1228 1346 firmum

171 1385 379 1469 praesidium
391 1384 567 1469 provincia
579 1405 647 1448 non
659 1385 812 1465 haberet,
821 1420 866 1430 -
877 1381 1075 1454 amisissetis
1085 1380 1226 1457 Asiam,

172 1484 337 1567 Quirites
357 1483 421 1568 pisi
440 1483 482 1548 ad
500 1483 611 1568 ipsum
629 1483 813 1547 discrimen
831 1482 904 1569 ejus
920 1482 1080 1566 temporis
1101 1481 1229 1546 divini-

170 1595 224 1648 tus
241 1581 308 1648 Cn.
328 1582 531 1668 Pompeium
550 1582 594 1647 ad
611 1604 670 1647 eas
688 1582 846 1669 regiones
863 1581 997 1647 fortuna
1014 1581 1131 1666 populi
1151 1580 1230 1645 Ro-

171 1682 265 1747 mani
279 1683 455 1747 attulisset.
491 1682 604 1770 Hujus
618 1682 785 1747 adventus
798 1693 831 1746 et
842 1680 1076 1746 Mithridatem
1088 1681 1230 1745 insolita

171 1783 419 1847 inflammatum
443 1782 585 1847 victoria
609 1781 786 1857 continuit,
810 1792 844 1846 et
870 1781 1061 1869 Tigra-nem
1087 1780 1229 1868 magnis

172 1883 279 1968 copiis
311 1883 524 1948 minitantem
556 1881 664 1971 Asiae
701 1881 898 1946 retardavit.
965 1880 1010 1946 Et
1040 1881 1230 1968 quisquam

172 1983 338 2048 dubitabit
361 1983 443 2069 quid
467 1983 587 2047 virtute
611 1981 822 2067 perfecturus
842 1982 896 2061 sit,
915 1980 972 2068 qui
993 1992 1123 2045 tantum
1144 2001 1231 2044 auc·

171 2083 302 2168 toritate
334 2082 535 2169 peQrit?
574 2094 633 2146 aut
665 2102 770 2168 quam
806 2081 907 2147 facile
943 2081 1086 2165 imperio
1122 2092 1230 2167 atque

172 2183 324 2247 exercitu
344 2183 455 2248 socios
471 2194 504 2247 et
520 2182 703 2269 vectigalia
720 2193 982 2246 conservaturus
993 2180 1130 2267 sitfqui
1147 2181 1229 2266 ipso

172 2282 311 2347 nomine
343 2302 384 2346 ac
414 2302 550 2346 rumore
582 2280 794 2346 defenderit?
841 2300 917 2345 XVI.
945 2297 992 2345 to.
1015 2280 1095 2368 Age
1127 2302 1230 2357 vero,

172 2381 231 2446 illa
248 2403 301 2446 res
319 2381 651 2468 quantamdeclarat
666 2380 821 2468 ejusdem
839 2380 987 2446 hominis
1007 2381 1098 2466 apud
1118 2381 1234 2450 hostis

169 2482 289 2594 >populi
303 2481 454 2547 Romani
472 2481 719 2554 auctoritatem,
734 2479 825 2566 quod
843 2501 886 2543 ex
903 2480 986 2545 locis
1002 2493 1072 2545 tam
1089 2481 1237 2591 longinif

172 2581 248 2667 quis
269 2593 408 2666 tamque
428 2580 570 2645 diversis
586 2591 656 2643 tam
673 2580 768 2695 brevi
786 2589 937 2664 tempore
954 2601 1074 2644 omnes
1091 2578 1170 2642 huic
1187 2590 1237 2644 se'v

172 2681 232 2745 uni
257 2678 481 2745 dediderunt?
511 2680 602 2766 quod
617 2647 842 2791 mcommuni
862 2676 1076 2790 CQm
1101 2676 1227 2764 legati,

173 2802 252 2845 cum
269 2781 303 2844 in
320 2801 438 2845 eorum
455 2779 567 2844 insula
585 2790 699 2843 noster
715 2779 899 2863 imperator
915 2777 1150 2863 exercitusque
1171 2798 1230 2841 es·

174 2892 236 2953 set,
253 2881 296 2945 ad
308 2880 374 2945 Cn.
391 2878 615 2963 Pompeium
607 2901 641 2944 ιιι
654 2879 791 2942 ultimas
808 2899 913 2963 prope
927 2889 1033 2941 terras
1043 2888 1226 2953 venerunt,

174 2980 274 3066 eique
298 3001 334 3044 se
351 2980 462 3044 omnis
478 2977 693 3043 Cretensium
713 2977 865 3041 civitates
882 2977 1007 3041 dedere
1024 2977 1111 3041 velle
1130 2977 1230 3040 dixe-

173 3078 272 3144 runt?
312 3077 429 3164 Quid?
460 3077 551 3141 idem
570 3075 866 3154 isteMithridates
883 3097 997 3141 nonne
1014 3077 1058 3141 ad
1076 3077 1228 3141 eundem
1284 3104 1285 3111 ¹

174 3176 241 3243 Cn.
268 3177 470 3262 Pompeium
501 3176 652 3262 legatum
680 3197 790 3260 usque
817 3175 852 3238 in
882 3176 1087 3269 Hmpi-am
1113 3175 1229 3240 misit?

174 3302 253 3345 eum
285 3299 387 3366 quem
419 3276 603 3362 Pompeius
635 3277 786 3363 legatum
819 3297 954 3361 semper
984 3275 1163 3366 judicavit,
1193 3275 1228 3341 ei
1284 3306 1285 3337 1

174 3380 297 3467 quibus
325 3387 398 3441 erat
425 3375 596 3464 [semper]
623 3377 802 3439 molestum
833 3375 875 3440 ad
904 3396 982 3439 eum
1010 3374 1227 3461 potissimum

175 3500 250 3544 esse
282 3477 437 3550 missum,
471 3498 487 3540 s
626 3496 719 3539 orem
756 3495 859 3562 quam
895 3477 1046 3562 legatum
1077 3472 1228 3562 judicari

175 3579 380 3642 maluerunt.
429 3575 574 3640 Potestis
597 3575 700 3662 igitur
721 3575 793 3663 jam
818 3575 1034 3649 constituere,
1058 3573 1225 3659 Quirites,

175 3680 266 3742 hanc
290 3676 536 3750 auctoritatem,
556 3664 669 3739 multis
695 3687 812 3758 postea
832 3676 933 3759 rQs
950 3675 1055 3761 gestis
1072 3674 1228 3760 magnis-

175 3798 241 3864 que
264 3777 384 3840 vestris
405 3774 543 3861 judiciis
568 3775 824 3858 amplificatam,
843 3770 1007 3858 qlrantum
1034 3772 1126 3858 apud
1149 3773 1227 3837 illos

152 3898 289 3962 reges,
311 3884 475 3960 quantum
496 3874 589 3958 apud
609 3884 744 3939 exteras
766 3873 920 3937 nationes
945 3872 1123 3936 valituram
1150 3891 1227 3936 esse

175 3974 386 4059 &Qeliffl
