2722 4438
128 273 234 343 ¹¹55]
269 271 348 359 Why
371 272 436 337 did
462 268 603 339 Clodius
625 280 749 338 return
774 270 850 337 thar
871 269 1021 359 Augur?
1099 270 1163 360 189

127 471 280 540 venisset?
324 468 439 559 Atque
462 483 500 537 ut
522 471 570 537 illi
586 481 773 537 nocturnus
789 470 833 536 ad
850 471 970 537 urbem
995 470 1162 537 adventus

128 574 267 638 vitandus
288 573 519 660 potiusquam
536 569 748 657 expetendus
765 570 839 647 suit,
854 570 904 636 sic
927 569 1065 647 Miloni,
1083 592 1162 637 cum

125 673 284 738 insidiator
307 683 409 746 esset,
432 672 460 737 si
484 672 580 737 illum
606 671 650 736 ad
673 671 793 735 urbem
817 681 917 736 nocte
942 690 1161 737 accessurum

122 772 250 846 sciebat,
279 771 524 837 subsidendum
557 782 658 857 atque
690 771 963 855 exspectandum
994 770 1067 837 suit.
1114 791 1162 853 ao,

120 871 224 936 Nemo
246 872 277 937 ei
301 872 441 960 neganti
473 893 542 937 non
574 870 786 946 credidisset,
814 892 917 958 quem
942 892 1017 937 esse
1041 893 1162 938 omnes

119 971 242 1035 salvum
270 971 372 1036 etiam
404 973 621 1037 confitentem
652 971 780 1035 volunt.
844 970 1069 1037 Sustinuisset
1097 972 1163 1039 hoc

117 1070 237 1135 crimen
261 1071 409 1156 primum
433 1071 508 1156 ipse
531 1071 588 1136 ille
605 1071 775 1135 latronum
792 1072 979 1137 occultator
996 1082 1029 1136 et
1044 1093 1163 1158 recep·

116 1180 163 1234 tor
184 1171 290 1246 locus,
317 1191 395 1235 curn
420 1191 532 1256 neque
556 1180 650 1235 muta
673 1170 819 1237 solitudo
842 1170 1029 1235 indicasset
1051 1192 1163 1258 neque

114 1289 211 1334 caeca
235 1291 306 1336 nox
334 1270 536 1336 ostendisset
559 1258 749 1346 Milonem3
778 1270 903 1336 deinde
925 1270 972 1335 ibi
998 1272 1094 1336 multi
1120 1272 1163 1335 ab

112 1368 167 1433 illo
196 1369 327 1446 violati,
354 1369 503 1456 spoliati,
527 1371 626 1436 bonis
650 1371 799 1457 expulsi,
821 1370 918 1435 multi
949 1372 1037 1437 baec
1061 1374 1164 1436 etiam

110 1469 263 1535 timentes
295 1470 332 1533 in
363 1470 586 1556 suspitionem
618 1471 792 1546 caderent,
825 1480 894 1536 tota
925 1470 1074 1557 denique
1105 1491 1164 1536 rea

110 1569 266 1635 citaretur
302 1569 451 1636 Etruria.
515 1588 556 1635 si.
588 1569 702 1656 Atque
738 1571 799 1636 illo
837 1570 892 1636 die
924 1582 1014 1636 certe
1045 1570 1164 1637 Aricia

108 1670 243 1736 rediens
267 1671 413 1737 devertit
436 1671 580 1738 Clodius
605 1673 648 1736 ad
672 1669 862 1737 Albanum.
912 1668 1016 1755 Quod
1039 1681 1077 1735 ut
1100 1669 1164 1736 sci·

107 1782 156 1835 ret
177 1770 269 1838 Milo
293 1773 391 1837 illum
416 1770 556 1841 Ariciae
579 1771 697 1846 fuisse,
718 1769 885 1855 suspicari
909 1780 1024 1834 tamen
1048 1769 1165 1835 debuit

106 1891 196 1948 eum,
216 1872 324 1937 etiam
348 1872 375 1938 si
399 1872 548 1937 Romam
565 1870 624 1936 illo
641 1870 696 1935 die
713 1869 835 1934 reverti
852 1868 967 1943 vellet,
986 1869 1030 1934 ad
1046 1869 1163 1933 villam

104 1992 215 2049 suam,
241 1993 335 2060 quae
356 1972 448 2037 viam
473 1980 644 2059 tangeret,
671 1970 904 2035 deversurum.
952 1967 1025 2034 Cur
1051 1989 1163 2055 neque

105 2083 180 2138 ante
206 2073 372 2150 occurrit,
391 2094 434 2138 ne
458 2072 515 2137 ille
541 2070 675 2135 invilla
699 2069 875 2144 resideret,
893 2088 958 2133 nee
974 2068 1067 2134 eoin
1088 2070 1164 2134 loco

102 2171 271 2249 subsedit,
291 2195 360 2261 quo
377 2173 434 2238 ille
459 2183 560 2237 noctu
582 2182 745 2236 venturus
762 2167 873 2235 esset?

145 2273 264 2341 Video
306 2275 421 2340 adhuc
458 2283 626 2347 constare,
656 2270 803 2360 judices,
833 2268 1164 2336 omniat-Miloni

100 2373 203 2440 etiam
221 2376 310 2441 utile
327 2374 431 2439 fuisse
448 2371 608 2438 Clodium
625 2372 754 2447 vivere,
772 2369 820 2435 illi
838 2369 882 2435 ad
905 2390 946 2434 ea
970 2390 1058 2456 quae
1084 2390 1164 2435 con-

100 2475 259 2561 cupierat
276 2473 526 2565 optatissimum
544 2471 715 2536 interitum
732 2469 895 2543 Milonis;
920 2468 1036 2535 odium
1059 2468 1163 2535 fuisse

97 2574 188 2643 illius
214 2578 253 2642 in
281 2577 375 2641 hunc
401 2570 673 2646 acerbissimum,
698 2570 831 2634 nullum
858 2568 959 2656 hujus
984 2568 1019 2632 in
1044 2568 1162 2644 illum3

97 2677 390 2745 consuetudinem
414 2674 506 2739 illius
529 2682 729 2757 perpetuam
749 2669 785 2733 in
801 2668 835 2732 vi
852 2667 1044 2743 inserenda,
1061 2668 1162 2756 hujus

92 2788 231 2845 tantum
250 2779 288 2844 in
306 2775 527 2864 repellenda3
550 2787 597 2837 ba.
621 2780 763 2836 mortem
781 2768 825 2831 ab
844 2767 904 2832 illo
927 2767 1162 2831 denuntiatam

93 2876 223 2945 Miloni
250 2889 287 2945 et
311 2877 543 2964 praedicatam
570 2872 698 2958 palam,
717 2867 802 2932 nihil
822 2886 986 2951 umquam
1009 2866 1160 2930 auditum

89 3001 134 3045 ex
152 2979 321 3054 Milone3
346 2975 564 3064 profectionis
581 2971 683 3059 hujus
699 2969 789 3034 diem
811 2966 860 3030 illi
883 2977 1014 3039 notum,
1032 2965 1160 3031 reditus

89 3078 183 3147 illius
215 3080 305 3145 huic
335 3078 491 3166 ignotum
522 3075 649 3145 fuisse3
686 3068 787 3155 hujus
818 3065 881 3135 iter
911 3065 1157 3142 necessarium,

87 3179 182 3247 illius
218 3182 329 3245 etiam
361 3177 473 3263 potius
505 3175 691 3254 alienuma
719 3168 811 3231 bunc
848 3185 930 3250 prae
967 3185 1004 3230 se
1041 3165 1159 3230 tulisse

88 3276 147 3342 illo
165 3280 227 3343 die
247 3279 367 3343 Roma
393 3276 577 3349 exiturum,
595 3272 692 3336 illum
718 3288 760 3332 eo
782 3265 837 3331 die
863 3285 900 3330 se
923 3262 1158 3330 dissimulasse

85 3379 291 3442 rediturum
303 3399 312 3451 ;
341 3377 434 3441 hunc
455 3373 582 3439 nullius
606 3370 655 3435 rei
678 3378 828 3433 mutasse
850 3363 1043 3440 consilium,
1062 3364 1158 3428 illum

87 3497 242 3541 causam
261 3476 416 3540 mutandi
437 3473 556 3540 consili
575 3469 737 3543 finxisse3
767 3466 861 3542 huic,
880 3464 908 3531 si
928 3464 1156 3540 insidiaretur,

84 3588 234 3644 noctem
260 3595 368 3661 prope
384 3574 502 3638 urbem
520 3568 804 3657 exspectandam,
821 3566 884 3641 illi,
903 3564 1004 3630 etiam
1021 3567 1049 3630 si
1066 3565 1159 3630 hunc

85 3698 158 3741 non
193 3675 350 3749 timeret,
376 3684 492 3738 tamen
523 3688 702 3736 accessum
734 3666 779 3731 ad
805 3667 925 3731 urbem
954 3675 1158 3737 nocturnum

82 3777 197 3842 fuisse
216 3775 459 3839 metuendum.

130 3897 203 3941 xx.
234 3891 285 3939 ⁶3.
306 3873 498 3939 Videamus
522 3890 614 3934 nunc
641 3867 694 3954 (id
718 3865 811 3953 quod
838 3874 942 3950 caput
965 3866 1034 3950 est)
1061 3864 1158 3927 locus

85 3979 132 4045 ad
156 3974 314 4044 insidias
339 3974 398 4040 ille
425 3972 513 4058 ipse,
530 3969 589 4036 ubi
617 3965 795 4056 congressi
821 3974 911 4042 sunt,
929 3964 995 4029 utri
1018 3963 1158 4028 tandem
