2572 4442
72 292 126 332 VH·
144 278 205 348 ra]
270 279 429 346 General
447 280 546 347 Fear
569 282 643 347 and
663 280 760 347 Hate
784 280 832 368 eff
843 280 927 345 hm.
1079 300 1121 369 91

117 503 178 547 vn.
205 480 312 546 Nunc
339 503 421 546 vero
449 503 542 577 Qe-
566 494 624 547 tua
649 495 700 548 est
722 482 786 547 ista
809 481 901 547 vita?
947 481 1007 548 Sic
1031 482 1124 548 enim

73 586 147 674 jam
162 595 275 647 tecum
294 583 426 668 loquar,
445 604 514 646 non
531 595 567 646 ut
589 584 669 648 odio
693 595 866 667 permotus
890 603 965 648 esse
990 583 1121 670 VQsr

67 707 135 771 quo
148 685 272 756 debe0‚
288 683 348 747 sed
366 694 401 746 ut
414 682 661 758 misericordia,
677 704 766 769 quae
782 683 841 747 tibi
859 684 953 746 nulla
970 684 1121 748 debetur.

65 785 198 849 Venisti
243 784 321 847 aulo
339 795 417 845 ante
434 782 468 845 in
485 795 654 846 senatum.
706 781 795 867 Qus
816 795 848 847 te
873 805 916 847 ex
941 784 1007 847 hac
1030 796 1123 848 tanta

65 884 271 970 frequentia,
295 893 343 947 tot
367 904 410 946 ex
435 882 500 946 tuis
526 883 646 947 amicis
663 903 704 947 ac
721 883 924 947 necessariis
942 883 1122 948 salutavit?

65 985 104 1049 Si
124 987 187 1048 hoc
204 994 281 1068 post
297 983 475 1048 hominum
494 983 694 1046 memoriam
711 982 852 1070 cquigit
869 983 1010 1057 nemini,
1029 983 1122 1048 vocis

67 1097 248 1169 exspectas
262 1083 518 1157 contumeliam,
531 1103 609 1146 cum
623 1083 670 1147 sis
682 1083 886 1170 gravissimo
898 1084 1028 1171 judicio
1041 1084 1123 1148 taci-

66 1184 234 1248 turnitatis
266 1181 474 1268 oppressus?
523 1182 632 1268 Qud,
665 1185 757 1269 quod
789 1185 938 1249 adventu
968 1194 1027 1249 tuo
1058 1184 1122 1248 ista

67 1284 228 1348 subsellia
246 1282 447 1347 vacuefacta
464 1281 565 1347 sunt?
588 1284 679 1368 quod
696 1304 816 1349 omnes
833 1284 1044 1358 consulares,
1063 1284 1121 1369 qui

1 1416 2 1468 j
66 1385 120 1480 tibi
137 1403 308 1469 persaepe
326 1384 369 1447 ad
387 1383 530 1447 caedem
547 1383 717 1447 constituti
735 1380 883 1465 fuer'unt,
901 1384 1001 1448 simul
1019 1396 1120 1481 Q

68 1484 240 1556 adsedisti‚
260 1497 391 1566 partem
410 1483 509 1547 istam
526 1483 766 1547 subselliorum
791 1485 919 1549 nudam
945 1496 1046 1569 atque
1070 1484 1121 1546 in-

68 1605 163 1648 anem
196 1583 420 1669 reliquerunt,
445 1603 514 1668 quo
540 1583 679 1647 taudem
712 1584 826 1649 animo
854 1584 913 1648 tibi
942 1584 1120 1647 serendum

69 1683 184 1770 putas?
232 1699 273 1745 lt.
298 1681 397 1747 Servi
413 1682 638 1775 (Μὴ)
656 1683 763 1748 meisi
782 1706 835 1748 me
847 1658 1033 1767 iilopacto
1051 1705 1121 1775 Q-

73 1795 207 1881 Q’
227 1795 264 1847 ut
280 1795 312 1847 te
329 1793 484 1846 metuunt
500 1803 619 1847 omnes
642 1783 735 1847 cives
758 1784 820 1857 tui,
842 1784 981 1848 domurn
1007 1804 1119 1846 meam
1145 1810 1188 1877 ρ,

68 1884 325 1970 relinquendam
350 1895 527 1966 pipp-rems
559 1894 595 1947 tu
619 1882 684 1991 Q
701 1884 821 1947 urbem
837 1904 907 1947 non
924 1882 1119 1948 arbitraris?
1147 1916 1156 1973 1

1 1987 2 1990 ’
64 1997 103 2060 et,
123 1985 152 2050 si
173 2005 228 2048 me
247 1983 331 2047 meis
351 1982 483 2047 civibus
507 1982 631 2071 injuria
655 1995 851 2068 suspectum
877 1996 946 2047 tam
970 1984 1120 2071 graviter
1149 1984 1162 2003 '

62 2097 163 2172 atque
191 2082 363 2148 offensum
391 2082 557 2165 vider-em,
583 2104 701 2147 carere
734 2104 789 2147 me
821 2097 961 2172 aspegtu
993 2084 1119 2149 civium

0 2264 1 2279 χ
60 2207 165 2272 quam
178 2183 311 2247 infestis
324 2180 477 2247 omninnl
489 2183 598 2248 oculis
612 2184 764 2268 conspici
780 2186 929 2270 mallem.
954 2185 1023 2259 Tu,
1040 2205 1117 2249 curn

0 2282 1 2353 i
59 2283 271 2367 conscientia
289 2284 459 2347 scelerum
475 2293 610 2347 tuorum
628 2304 799 2375 aggrqscas
821 2285 939 2349 odium
963 2284 1118 2349 omnium

0 2396 1 2415 ¹
62 2386 197 2473 justum
221 2395 254 2447 et
273 2383 346 2471 jam
364 2382 422 2445 diu
439 2383 498 2446 tibi
516 2383 681 2458 debitum,
700 2384 835 2448 dubitas
852 2406 998 2470 quorum
1023 2376 1119 2448 men-

0 2490 1 2527 *
56 2486 99 2550 tis
120 2504 313 2568 sensusque
335 2482 508 2555 volneraS,
528 2504 646 2547 eornm
671 2497 848 2568 aspectum
872 2484 1164 2569 praesentiam-⁸⁸·

0 2670 1 2675 ἵ
56 2607 126 2672 que
144 2581 274 2648 vitare?
316 2581 354 2647 Si
371 2594 404 2646 te
422 2594 580 2667 parentes
597 2584 754 2677 &Qut
771 2595 870 2670 atque
887 2585 1039 2649 odissent
1052 2585 1115 2673 Q,
1141 2666 1151 2683 .

0 2676 1 2737 Ῠ
55 2707 172 2772 neque
197 2705 257 2748 eos
282 2683 352 2746 ulla
377 2683 508 2747 ratione
533 2683 671 2766 placare
692 2705 822 2767 posses,
841 2696 875 2747 tu
896 2676 1118 2771 (opinor)'aib

55 2808 179 2852 eorum
196 2784 303 2848 oculis
321 2783 435 2868 aliquo
453 2782 673 2877 coppe-deges.
719 2781 823 2847 Nunc
839 2795 870 2848 te
889 2786 1008 2869 patria,
1028 2806 1117 2871 quae

0 2946 1 2963 ,
56 2882 255 2952 communis
276 2895 326 2946 est
342 2903 467 2966 parens
484 2882 638 2945 omnium
656 2893 821 2956 nostrum,
840 2885 911 2948 odit
927 2905 968 2948 ac
985 2885 1114 2959 metuit,

55 2998 88 3050 et
102 2986 177 3075 jam
195 2983 254 3048 diu
271 2993 303 3046 te
320 2982 405 3045 nihil
425 2980 558 3069 judicat
574 2981 639 3046 nisi
663 2982 706 3046 de
730 2983 913 3066 parricidio
937 3007 999 3049 suo
1023 2985 1118 3072 cogi·

0 3114 1 3117 ¹
54 3097 152 3152 tare:
182 3083 284 3170 hujus
304 3093 339 3146 tu
359 3081 472 3167 neque
493 3083 727 3146 auctoritatem
748 3085 923 3159 verebere,
943 3105 1006 3147 nec
1026 3084 1118 3171 judi·

55 3186 149 3258 cium
168 3203 326 3268 sequere,
346 3202 411 3246 nec
427 3182 495 3245 vim
514 3180 757 3266 pertimesces?

0 3336 1 3351 ,
48 3288 54 3307 ’
83 3346 87 3357 ,
116 3302 144 3350 s.
170 3283 272 3375 Q
291 3295 419 3355 tecum,
438 3281 601 3358 Catilina,
620 3284 670 3348 sic
690 3284 773 3369 agit,
792 3294 825 3347 et
844 3284 994 3368 quodam
1014 3286 1115 3350 modo

0 3416 1 3419 ¹
49 3374 69 3459 gl
92 3388 160 3451 cita
177 3383 346 3470 loquitur:
373 3381 539 3448 ‘Nullum
556 3383 629 3471 jam
648 3384 776 3468 aliquot
793 3384 890 3461 annis
907 3381 1039 3450 lacinus
1056 3408 1115 3450 ex-

48 3478 138 3565 {stitit
154 3484 219 3549 nisi
237 3505 298 3568 per
313 3495 359 3557 te,
374 3484 506 3546 nullum
523 3483 691 3568 flagitium
709 3483 782 3545 sine
799 3494 851 3545 te:
876 3483 936 3546 tibi
953 3484 1012 3548 uni
1030 3486 1116 3548 mul-

56 3597 167 3650 torum
186 3584 313 3649 civium
331 3604 446 3657 neceS,
463 3582 524 3663 tibi
547 3583 683 3647 vexatio
707 3582 919 3669 direptioque
944 3585 1114 3648 sociorum

58 3685 225 3769 impunita
242 3684 306 3748 suit
321 3705 362 3748 ac
379 3684 507 3748 libera:
536 3694 572 3746 tu
590 3704 658 3747 uon
676 3683 785 3746 solum
807 3684 851 3747 ud
876 3678 1114 3770 neglegendas

59 3786 154 3872 leges
171 3798 204 3850 et
223 3785 454 3871 quaestiones,
473 3803 591 3845 verum
617 3782 719 3845 etiam
745 3783 788 3846 ad
812 3784 1013 3847 evertendas
1038 3805 1114 3867 per-

50 3884 329 3974 ·fringendasque
364 3881 511 3949 valuisti.
577 3881 763 3967 Superiqgn
797 3883 869 3958 illa,
904 3903 1112 3969 quamquam

62 3986 200 4053 serenda
226 4008 295 4051 non
319 3985 467 4058 suerunt,
486 3992 615 4057 tamen,
633 3993 669 4046 ut
690 3982 797 4068 potui,
815 3982 898 4045 tuli:
924 4001 1015 4044 nunc
1032 4002 1112 4045 vero
