2760 4448
225 287 268 357 52
411 364 413 368 ,
504 272 764 362 Impeaclrment
787 274 835 360 of
860 271 1001 340 Verres.
1111 269 1219 339 [Vena
1228 271 1274 325 vl.

225 470 412 537 Messanae
446 481 479 537 et
515 472 611 558 queri
643 473 767 559 coepit,
801 495 838 539 se
870 472 982 538 civem
1013 471 1209 538 Romanum
1237 472 1271 537 in

222 572 339 636 vincla
365 593 441 637 esse
468 572 681 660 conjectum3
714 573 777 638 sibi
803 585 896 638 recta
919 573 982 636 iter
1006 592 1082 636 esse
1106 571 1270 646 Romam3

224 672 325 737 Verri
349 693 386 737 se
410 682 546 757 praesto
571 672 765 737 advenienti
790 672 952 737 futurum.

268 786 296 833 a.
319 771 400 837 Non
418 771 639 858 intellegebat
656 773 758 837 miser
770 773 856 836 nihil
869 772 1049 847 interesse,
1063 782 1174 835 utrum
1192 771 1273 836 haec

225 871 425 948 Messanae,
461 892 505 936 an
541 871 633 956 apud
668 871 770 936 istum
802 871 837 936 in
869 871 1042 957 praetorio
1073 873 1271 957 loqueretur.

225 971 318 1036 Nam
338 972 393 1058 (ut
409 983 487 1035 ante
503 992 564 1036 vos
582 970 701 1056 docui)
722 972 813 1035 hanc
829 971 893 1036 sibi
909 971 973 1036 iste
996 971 1118 1036 urbem
1143 971 1275 1056 delege-

224 1082 289 1145 rat,
312 1091 416 1157 quam
442 1071 583 1135 haberet
607 1070 815 1157 adjutricem·
832 1071 1017 1147 scelerum,
1040 1069 1204 1135 furtorum
1226 1089 1274 1133 re-

226 1171 422 1256 ceptricem,
443 1169 652 1256 flagitiorum
674 1170 828 1233 omnium
851 1170 1042 1235 consciam.
1093 1169 1211 1256 Itaque
1234 1168 1274 1232 ad

225 1271 461 1357 magistratum
494 1268 741 1334 Mamertinum
773 1269 885 1334 statim
918 1270 1101 1335 deducitur
1129 1267 1273 1334 Gavius:

223 1390 333 1455 eoque
350 1369 424 1454 ipso
440 1370 496 1434 die
512 1389 595 1434 casu
614 1366 816 1433 Messanam
835 1367 964 1434 Verres
982 1369 1088 1434 venit.
1139 1368 1211 1432 Res
1233 1365 1274 1430 ad

225 1489 303 1535 eum
321 1468 490 1534 defertur:
515 1488 590 1533 esse
607 1467 718 1532 civem
735 1466 947 1544 Romanurn,
964 1469 1025 1554 qui
1042 1489 1080 1534 se
1098 1464 1274 1553 Syracusis

224 1568 260 1631 in
272 1568 445 1633 lautumiis
459 1568 563 1632 suisse
577 1565 795 1653 quereretur:
813 1588 929 1653 quem,
941 1569 1016 1656 jam
1030 1556 1274 1656 ingredientem

223 1668 260 1732 in
284 1690 421 1743 navem,
441 1679 473 1732 et
491 1666 593 1731 Verri
613 1666 713 1731 nimis
739 1666 895 1731 atrociter
920 1668 1149 1742 minitantem,
1173 1667 1215 1730 ab
1240 1684 1274 1729 se

224 1779 406 1832 retractum
432 1789 507 1832 esse
528 1778 561 1832 et
584 1776 809 1843 asservatum,
827 1777 864 1831 ut
879 1766 953 1853 ipse
969 1767 1005 1833 in
1024 1790 1104 1833 eum
1121 1772 1275 1832 statueret

224 1869 316 1955 quod
339 1868 524 1933 videretur.

268 1981 296 2027 4.
321 1966 405 2054 Agit
429 1967 624 2032 hominibus
649 1966 793 2054 gratias,
812 1978 982 2033 eteorum
1001 1965 1273 2034 benevolentiam

225 2087 308 2154 erga
326 2088 361 2131 se
382 2066 665 2153 diligentiamque
686 2067 881 2131 conlaudat.
932 2067 1026 2153 Ipse,
1049 2068 1275 2132 inflammatus

225 2167 354 2232 scelere
386 2176 419 2229 et
449 2165 576 2241 surore,
605 2165 641 2229 in
669 2164 780 2229 sorum
805 2166 910 2231 venit.
959 2165 1144 2234 Ardebant
1169 2163 1273 2234 oculis

224 2278 293 2332 toto
310 2287 352 2330 ex
368 2287 427 2331 ore
444 2265 627 2330 crudelitas
640 2264 824 2330 eminebat.
873 2265 1134 2351 Exspectabam
1145 2285 1271 2337 omnes,

224 2388 293 2453 quo
311 2365 451 2430 tandem
471 2385 716 2452 progressurus
737 2377 795 2430 aut
814 2366 980 2452 quidnam
1005 2379 1146 2433 acturus
1169 2375 1272 2436 esset3

225 2487 303 2530 cum
332 2476 472 2550 repente
501 2465 675 2530 hominem
704 2465 845 2550 proripi,
870 2479 971 2552 atque
999 2466 1035 2531 in
1064 2468 1140 2534 soro
1168 2463 1275 2530 medio

224 2566 346 2630 nudari
367 2585 408 2629 ac
428 2564 587 2652 deligari,
609 2575 642 2629 et
663 2565 781 2652 virgas
805 2566 959 2650 expediri
980 2567 1094 2655 jubet.
1143 2565 1286 2632 Clama-

224 2665 283 2730 bat
306 2665 363 2729 ille
387 2664 503 2739 miser,
530 2684 566 2729 se
591 2664 701 2729 civem
728 2685 804 2730 esse
830 2664 1044 2741 Romanum,
1068 2666 1273 2751 municipem

225 2764 446 2840 Consanum3
477 2764 642 2829 meruisse
667 2784 745 2828 cum
771 2764 814 2828 L.
835 2765 982 2839 Raecio,
1000 2765 1272 2851 splendidissimo

225 2865 337 2952 equite
366 2864 540 2939 Romano,
567 2864 624 2951 qui
652 2863 839 2929 Panhormi
867 2864 1112 2952 negotiaretur,
1139 2889 1183 2931 ex
1208 2882 1272 2950 quo

225 2967 312 3030 haec
336 2964 463 3029 Verres
487 2965 574 3029 scire
599 2977 725 3049 posset.
789 2964 881 3028 Tum
906 2964 981 3042 iste,
1008 2986 1045 3031 se
1069 2965 1272 3053 comperisse

225 3086 303 3130 eum
322 3062 521 3148 speculandi
539 3083 644 3127 causa
661 3063 695 3126 in
722 3061 877 3128 Siciliam
907 3084 926 3129 a
949 3065 1094 3132 ducibus
1117 3064 1273 3152 fugitivo·

225 3186 299 3227 rum
318 3183 393 3227 esse
412 3163 575 3233 missum3
603 3160 701 3248 cujus
718 3161 767 3226 rei
791 3183 903 3250 neque
927 3163 1044 3242 index,
1066 3187 1178 3252 neque
1200 3183 1272 3228 ves·

224 3263 345 3348 tigium
378 3260 530 3346 aliquod,
560 3280 672 3347 neque
705 3260 847 3346 suspitio
879 3263 1038 3349 cuiquam
1071 3276 1160 3330 esset
1190 3262 1271 3327 ulla.

225 3361 361 3426 Deinde
403 3360 501 3448 jubet
550 3361 702 3447 undique
754 3361 929 3426 hominem
976 3362 1271 3429 vehementissime

121 3457 124 3462 ’
224 3460 409 3526 verberari.

268 3575 295 3620 a.
319 3558 538 3625 Caedebatur
560 3560 668 3648 virgis
691 3561 726 3625 in
750 3560 864 3628 medio
888 3561 961 3629 foro
983 3561 1169 3629 Messanae
1191 3556 1271 3626 civis

224 3660 418 3733 Romanus,
433 3659 588 3746 judices3
614 3681 693 3724 cum
710 3661 839 3725 interea
860 3662 974 3726 nullus
998 3664 1159 3750 gemitus,
1181 3658 1271 3724 nulla

223 3782 291 3825 vox
312 3759 380 3822 alia
402 3759 494 3822 illius
518 3759 633 3823 miseri
658 3760 744 3824 inter
767 3760 920 3827 dolorem
946 3762 1179 3849 crepitumque
1202 3757 1272 3843 pla·

223 3880 347 3948 garum
379 3858 594 3931 audiebatur,
624 3858 687 3922 nisi
718 3860 818 3934 haec,
850 3859 946 3925 Civis
973 3860 1153 3925 Romanus
1178 3849 1272 3924 sum!

225 3959 303 4024 Hac
331 3980 369 4024 se
393 3957 716 4023 commemoratione
742 3958 886 4024 civitatis
910 3960 1026 4024 omnia
1049 3962 1192 4026 verbera
1216 3955 1271 4020 de⁴
