2572 4442
12 298 13 302 ¹
50 292 87 332 1³1·
103 280 160 350 23·]
314 282 385 350 All
409 281 510 350 Good
529 282 615 349 Men
640 282 725 348 wish
747 282 818 347 ln'm
836 302 942 369 gone.
1073 299 1116 369 93

12 496 13 503 ¹
46 480 134 546 idem
165 482 254 547 huic
281 484 497 550 adulescenti
520 483 650 569 optimo
672 481 713 548 Ρ.
736 480 861 557 Sestio,
882 480 911 547 si
933 480 1117 548 fortissimo

45 582 112 646 viro
129 581 186 645 Μ.
208 582 393 649 Marcello
409 584 587 662 dixissem,
602 584 675 672 jam
692 582 775 647 milri
793 583 938 671 consuli,
957 584 1023 648 hoc
1042 583 1117 669 ipso

45 681 75 745 in
92 683 243 767 templo,
260 697 408 749 senatus
421 685 498 772 jure
515 684 643 769 optimo
659 683 918 777 VQWS
935 682 1113 767 issffllfflet·

46 781 94 846 De
113 795 147 846 te
171 795 318 860 autem,
342 784 504 859 Catilina,
525 805 604 848 cum
628 784 821 870 quiescunt,
843 783 1009 867 probant:
1037 805 1116 850 curn

45 882 235 967 patiuntur,
257 885 475 949 decernunt:
501 904 580 948 cum
596 895 723 958 tacent,
742 884 903 947 clamant.
941 882 1065 971 Neque
1082 884 1116 948 hi

46 984 165 1059 solum,
179 1020 230 1031 -
241 1006 399 1071 quorum
420 984 480 1048 tibi
497 983 680 1049 auctoritas
696 994 747 1048 est
761 983 922 1049 videlicet
937 1005 1030 1060 cara,
1049 985 1118 1050 vita

46 1081 228 1158 vilissima,
241 1085 370 1149 —sed
383 1083 485 1148 etiam
502 1083 550 1148 illi
564 1083 694 1169 equites
707 1083 872 1159 Romani,
888 1084 1117 1151 honestissimi

48 1195 141 1267 atque
155 1183 292 1267 optimi
308 1184 385 1258 viri,
400 1184 571 1269 ceterique
588 1182 761 1248 fortissimi
778 1184 884 1259 cives,
897 1185 955 1272 qui
972 1185 1119 1250 circum·

49 1293 129 1345 stant
162 1295 356 1358 senatum,
381 1304 526 1370 quorum
558 1293 594 1347 tu
626 1293 659 1347 et
687 1283 913 1370 frequentiam
940 1284 1057 1351 videre
1086 1296 1118 1350 et

50 1382 153 1446 studia
180 1370 395 1470 perspicere
419 1395 453 1448 et
475 1403 579 1448 voces
603 1384 707 1468 paulo
732 1397 809 1449 ante
833 1385 997 1450 exaudire
1021 1397 1119 1471 potu·

50 1479 106 1545 isti.
160 1483 340 1568 Quorum
365 1505 431 1570 ego
454 1482 514 1548 vix
538 1484 600 1566 ahs
622 1497 654 1548 te
674 1484 747 1572 jam
768 1484 825 1549 diu
847 1506 969 1550 manus
989 1505 1031 1551 ac
1049 1487 1117 1550 tela

11 1640 12 1643 ,
52 1575 223 1659 contineo,
241 1584 389 1649 eosdem
407 1582 508 1648 facile
525 1583 709 1659 adducam,
724 1596 760 1649 ut
775 1596 808 1649 te
825 1585 924 1660 haec,
939 1606 1029 1671 quae
1042 1606 1119 1651 vas·

11 1672 13 1755 j
53 1691 112 1746 tare
127 1683 209 1770 jam
230 1684 373 1770 pridem
390 1685 518 1760 studes,
537 1685 786 1771 relinquentem
803 1706 911 1770 usque
936 1684 980 1748 ad
1004 1696 1118 1770 portas

11 1758 13 1851 l
58 1798 326 1870 prosequantur.

87 1902 141 1948 ix.
169 1901 225 1948 22.
255 1885 482 1972 Quamquam
514 1884 596 1972 quid
624 1883 766 1971 loquor?
822 1883 876 1951 Te
903 1895 940 1951 ut
966 1886 1036 1950 ulla
1064 1906 1118 1951 res

55 1979 214 2072 sQat?
238 1987 291 2052 ¹tu
312 1998 349 2050 ut
369 2005 533 2073 umquam
555 1997 588 2050 te
612 1983 789 2073 corrigas?
819 1996 854 2050 tu
878 1997 915 2051 ut
937 1986 1044 2051 ullam
1067 1986 1119 2051 su·

10 2132 12 2169 ,
57 2102 128 2166 garn
155 2084 358 2177 mee?
389 2097 424 2150 tu
448 2099 484 2150 ut
506 2085 665 2173 exsilium
691 2084 843 2173 cogites?
891 2085 1031 2153 Utinam
1059 2086 1118 2151 tibi

10 2178 11 2265 l
57 2179 150 2249 istam
172 2199 334 2252 mentem
359 2186 393 2251 di
417 2186 627 2251 immortales
652 2185 768 2279 duintl
801 2185 934 2252 tametsi
958 2186 1072 2280 video,
1090 2187 1119 2252 si

10 2284 11 2289 ’
57 2300 128 2348 mea
140 2308 235 2353 voce
251 2285 450 2374 perterritus
464 2286 513 2351 ire
529 2286 564 2350 in
582 2286 740 2351 exsilium
758 2287 911 2350 animum
928 2287 1117 2362 induxeris,

58 2398 182 2467 quanta
199 2400 393 2474 tempestas
409 2386 558 2452 invidiae
575 2386 765 2452 nobis-si
782 2386 894 2451 minus
907 2386 941 2450 in
953 2408 1119 2473 praesens

57 2495 206 2573 tempus,
226 2488 358 2556 recenti
376 2486 542 2576 memoria
564 2488 732 2551 scelerum
757 2498 904 2562 tuorum,
924 2500 958 2551 at
982 2487 1017 2551 in
1042 2509 1119 2573 pos-

59 2586 226 2656 teritatem
240 2627 287 2639 -
297 2574 514 2673 impendeat:
539 2587 600 2651 sed
617 2596 668 2651 est
679 2586 775 2679 tend,
791 2587 872 2651 dum
887 2588 988 2652 modo
1001 2587 1065 2652 ista
1077 2587 1147 2677 sit--

59 2685 191 2767 privata
205 2689 402 2763 calamitas,
417 2699 450 2753 et
463 2707 483 2750 a
496 2685 544 2751 rei
558 2686 717 2771 publicae
730 2686 890 2771 periculis
903 2687 1115 2783 sejungatur.

62 2782 129 2852 Sed
145 2800 183 2856 tu
201 2802 245 2856 ut'
257 2789 345 2855 vitiis
361 2789 428 2859 tuis
445 2805 697 2859 commoveare,
711 2796 748 2849 ut
763 2786 880 2872 legum
897 2808 1026 2872 poenas
1042 2809 1119 2874 peg-

74 2883 80 2896 .
215 2893 219 2900 ,
311 2861 363 2903 ΝΔ
423 2863 448 2891 ¹¹l
607 2885 613 2897 .
731 2884 737 2897 .

61 2894 237 2984 QQ‚
264 2902 302 2955 ut
328 2856 546 2983 tQffiqrffiffd
566 2906 615 2950 rer
644 2884 803 2969 publicae
831 2888 947 2964 cedas,
971 2910 1040 2953 non
1068 2900 1119 2954 est

63 2983 318 3067 postulandum.
368 2988 492 3075 Neque
517 2986 610 3051 enirn
634 2985 663 3050 is
688 3006 737 3062 eS,
759 2976 922 3064 Catilina,
946 3000 981 3053 ut
1004 3001 1036 3052 te
1061 3000 1118 3054 aut

10 3090 13 3197 l
62 3088 170 3167 pudor
194 3112 362 3177 umquam
386 3110 406 3154 a
430 3087 637 3172 turpitudine
655 3098 713 3151 aut
729 3099 839 3153 metus
856 3108 876 3152 a
892 3088 1044 3173 periculo
1061 3102 1118 3154 aut

65 3188 179 3256 ration
196 3191 308 3256 furore
321 3188 499 3283 reQit·
531 3204 580 3251 aa.
600 3184 717 3272 Quam
728 3187 772 3252 ob
783 3209 868 3261 rem,
880 3200 917 3251 ut
927 3209 1031 3272 saepe
1044 3188 1116 3276 jam

10 3314 12 3381 γ
66 3284 145 3365 dixi,
168 3291 408 3378 proficiscere3
441 3308 494 3363 ac,
517 3288 545 3353 si
568 3288 652 3352 mihi
675 3288 813 3352 inimico
839 3268 894 3373 (ut
915 3289 1112 3378 PQS)

10 3402 11 3411 ’
67 3392 120 3451 tuo
136 3391 287 3457 conflare
303 3389 361 3475 igis
370 3387 548 3464 invidiam,
567 3400 660 3453 recta
677 3408 784 3475 perge
801 3387 835 3451 in
853 3387 1032 3452 exsilium:
1058 3391 1116 3453 vix

10 3516 12 3569 3
68 3480 186 3555 seram*
199 3510 375 3556 sermones
402 3488 579 3553 hominum
609 3487 637 3552 si
665 3487 699 3553 id
727 3486 831 3552 fceri
860 3509 869 3563 ;
904 3486 962 3551 vix
990 3490 1115 3554 molem

10 3572 11 3597 ¹
71 3578 158 3655 istius
194 3589 357 3664 invidiae,
390 3588 418 3653 si
455 3588 490 3652 in
522 3587 681 3653 exsilium
709 3586 808 3675 jussu
840 3588 990 3653 consulis
1021 3589 1113 3675 ieris,

71 3690 248 3756 sustinebo.
297 3689 360 3777 Sip
389 3699 502 3752 autem
531 3686 658 3752 servire
687 3708 784 3752 meae
811 3688 903 3753 laudi
928 3700 961 3753 et
983 3689 1114 3776 gloriae

72 3788 183 3866 Quis,
208 3789 373 3884 egredere
397 3808 475 3853 cum
499 3786 693 3872 importuna
717 3789 959 3854 sceleratorum
987 3810 1113 3852 manu:

73 3888 179 3954 confer
195 3903 227 3954 te
248 3889 291 3953 ad
313 3887 499 3962 Manlium,
518 3886 651 3950 concita
675 3887 824 3970 perditos
848 3886 946 3964 civis,
973 3888 1114 3954 secerne

74 3987 140 4052 tea
161 3990 273 4067 boniS,
295 3987 382 4075 Q
405 3986 536 4074 patriae
559 3986 701 4065 bellum,
726 3983 860 4053 exsulta
884 3986 989 4072 impio
1013 3988 1115 4053 latro·
