2760 4448
155 233 209 317 36,
434 237 693 326 Impeaclrment
715 244 764 327 of
787 238 927 314 Verres,
1053 238 1167 310 [VERR.
1186 244 1209 298 Ι.

155 447 256 522 atque
272 437 307 501 in
325 437 539 523 explicandis
560 438 759 507 criminibus
779 462 922 525 operam
946 464 1207 524 consumerem3

155 557 258 611 nunc,
277 540 439 623 quoniam
463 560 620 626 pugnare
641 551 758 604 contra
777 563 830 604 me
848 541 1033 620 instituisti,
1052 560 1208 613 nontam

154 659 198 700 ex
215 649 273 701 tua
290 650 410 701 natura
426 659 530 723 quam
547 661 591 702 ex
611 639 707 703 istius
731 650 884 725 tempore
909 655 942 707 et
967 666 1071 710 causa
1092 647 1208 734 [mali-

154 737 273 824 tiose],
296 759 436 803 necesse
461 750 513 803 est
534 738 630 802 istius
655 740 748 804 modi
772 742 895 806 rationi
921 745 1036 832 aliquo
1065 750 1208 814 consilio

153 838 329 903 obsistere.
377 855 424 902 34.
447 838 526 902 Tua
543 839 627 904 ratio
645 850 707 914 est,
727 852 763 904 ut
780 845 970 910 secundum
986 847 1085 912 binos
1108 835 1207 914 ludos

154 942 236 1005 mihi
256 943 464 1028 respondere
484 939 649 1025 incipias3
680 962 770 1016 mea,
792 956 828 1008 ut
852 957 931 1010 ante
955 946 1083 1031 primos
1108 948 1207 1013 ludos

153 1046 467 1129 comperendinem.
517 1043 568 1107 Ita
596 1043 633 1107 fit
655 1055 692 1107 ut
715 1056 774 1124 tua
797 1045 861 1110 ista
885 1046 971 1111 ratio
995 1046 1207 1113 existimetur

153 1157 275 1219 astuta,
294 1167 409 1210 meum
427 1146 493 1209 hoc
509 1143 692 1208 consilium
709 1145 954 1210 necessarium.

196 1265 262 1308 ΧΗ.
288 1246 419 1310 Verum
444 1245 529 1310 illud
545 1245 637 1331 quod
653 1244 865 1309 institueram
883 1246 1011 1321 dicere,
1031 1246 1114 1311 mihi
1132 1269 1204 1311 rem

152 1356 265 1409 tecum
288 1355 376 1420 esse,
395 1346 496 1433 hujus
521 1345 614 1410 modi
635 1357 695 1409 est.
742 1344 821 1432 Ego
845 1366 924 1409 cum
949 1347 1039 1410 hanc
1064 1368 1206 1411 causam

152 1444 348 1511 Siculorum
372 1458 494 1534 rogatu
518 1446 741 1531 recepissem,
760 1446 863 1531 idque
888 1445 971 1509 mihi
996 1448 1150 1531 amplum
1172 1459 1206 1513 et

151 1548 366 1631 praeclarum
380 1547 645 1622 existimassem,
661 1567 720 1610 eos
730 1547 819 1610 velle
830 1567 928 1609 meae
940 1546 1018 1611 fidei
1032 1547 1206 1633 diligenti·
1232 1615 1241 1629 ,

152 1667 260 1733 aeque
284 1647 474 1732 periculum
499 1646 626 1722 facere,
645 1646 702 1731 qui
725 1645 942 1710 innocentiae
963 1646 1206 1714 abstinentiae·

150 1769 216 1832 que
236 1747 416 1820 fecissent3
448 1758 520 1811 tum
545 1758 704 1831 suscepto
730 1745 880 1832 negotio,
903 1745 1015 1832 majus
1038 1747 1203 1832 quiddam

151 1847 233 1911 mihi
265 1847 441 1933 proposui,
466 1847 501 1910 in
533 1868 601 1933 quo
633 1867 747 1910 meam
779 1845 814 1909 in
843 1867 915 1908 rem
946 1846 1119 1929 publicam
1143 1871 1203 1912 vo-

150 1948 314 2011 luntatem
325 1947 471 2032 populus
483 1947 664 2012 Romanus
676 1945 870 2031 perspicere
881 1956 1008 2030 posset.
1042 1962 1087 2009 35.
1108 1946 1143 2010 N
1146 1970 1202 2012 am

149 2046 235 2111 illud
265 2046 349 2109 mihi
381 2067 600 2136 nequaquam
632 2045 776 2133 dignum
809 2045 974 2109 industria
1010 2060 1202 2134 conatuque

149 2167 225 2210 meo
245 2146 436 2221 videbatur,
458 2146 559 2210 istum
578 2167 599 2209 a
620 2145 731 2209 mein
751 2144 934 2231 judicium,
950 2145 1021 2231 jam
1047 2147 1201 2213 omnium

153 2246 283 2331 judicio
311 2246 590 2321 condemnatum,
614 2245 743 2318 vocari,
772 2244 837 2309 nisi
865 2244 929 2308 ista
957 2257 1014 2308 tua
1041 2246 1201 2310 intolera-

148 2346 224 2410 bilis
249 2345 412 2431 potentia,
431 2357 464 2409 et
487 2366 528 2409 ea
553 2345 721 2430 cupiditas
746 2366 814 2429 qua
839 2365 901 2430 per
918 2346 1021 2409 hosce
1039 2366 1147 2411 annos
1164 2347 1200 2411 in

147 2446 352 2531 quibusdam
376 2445 515 2532 judiciis
542 2467 625 2510 usus
654 2437 704 2519 es,
731 2445 833 2508 etiam
862 2444 898 2507 in
926 2443 1022 2508 istius
1051 2445 1199 2511 hominis

119 2570 122 2576 ·
146 2545 317 2630 desperati
335 2566 441 2609 causa
459 2545 744 2629 interponeretur.
794 2542 899 2607 Nunc
923 2566 1016 2620 vero,
1036 2545 1198 2631 quoniam

146 2645 233 2708 haec
249 2656 280 2709 te
297 2644 409 2708 omnis
425 2644 612 2709 dominatio
636 2664 852 2731 regnumque
872 2643 1080 2731 judiciorum
1104 2656 1198 2711 tanto

145 2865 254 2930 aeque
277 2866 361 2909 suae
385 2866 496 2930 neque
521 2845 648 2929 pudeat
664 2843 1077 2930 neque'taedeat,-qui,
1097 2845 1206 2929 quasi,

144 2945 187 3010 de
203 2945 382 3018 industria,
400 2945 435 3008 in
452 2944 568 3008 odium
586 2944 881 3028 offensionemque
902 2943 1018 3027 populi
1044 2944 1195 3009 Romani

142 3045 277 3109 inruere
295 3046 487 3120 videantur,
499 3045 620 3109 —hoc
634 3066 689 3109 me
704 3044 864 3130 profiteor
877 3043 1082 3128 suscepisse,
1098 3066 1196 3132 mag-

142 3167 225 3209 num
249 3145 391 3210 sortasse
415 3167 501 3211 onus
530 3156 563 3209 et
591 3144 674 3208 mihi
707 3143 1047 3229 periculosissimum,
1073 3165 1194 3210 verum

141 3256 256 3310 tamen
285 3246 428 3332 dignum
455 3245 491 3308 in
515 3266 582 3331 quo
607 3244 718 3309 omnis
743 3265 867 3311 nervos
892 3245 1010 3309 aetatis
1034 3245 1194 3309 industri-

142 3366 250 3431 aeque
275 3366 371 3408 meae
396 3347 649 3410 contenderem.

184 3463 231 3509 ao.
256 3444 431 3529 Quoniam
462 3458 550 3513 totus
581 3449 666 3514 ordo
697 3469 885 3533 paucorum
917 3444 1131 3530 improbitate
1160 3455 1194 3511 et

141 3547 286 3612 audacia
307 3547 470 3633 premitur
490 3559 523 3612 et
540 3561 682 3635 urgetur
707 3549 847 3613 infamia
869 3545 1089 3636 judiciorum,
1113 3567 1192 3630 pro-

48 3674 51 3679 ·
140 3649 236 3713 fiteor
253 3649 333 3713 huic
350 3649 468 3737 generi
487 3650 663 3713 bominum
681 3671 735 3712 me
749 3649 925 3712 inimicum
942 3656 1189 3717 accusatorem,

139 3751 308 3825 odiosum,
324 3750 519 3824 adsiduum,
535 3751 696 3813 acerbum
714 3750 960 3814 adversarium.
1013 3747 1090 3811 Hoc
1107 3744 1191 3810 mihi

139 3873 250 3927 sum0,
269 3835 335 3916 ho'c
359 3849 442 3914 mihi
467 3850 630 3934 deposco,
652 3848 743 3933 quod
771 3870 875 3935 agam
904 3849 939 3913 in
971 3851 1187 3937 magistratu,

139 3953 229 4038 quod
248 3973 351 4041 agam
368 3973 413 4016 ex
432 3950 570 4043 eobloco
595 3970 638 4025 ex
662 3970 730 4034 quo
755 3970 811 4013 me
835 3950 982 4034 populus
1006 3950 1188 4017 Romanus
