2722 4438
233 312 297 381 194
590 287 747 373 Desence
771 289 819 373 of
838 288 940 354 Μίῖο.
1156 288 1241 357 [an

230 493 276 557 tia
293 490 531 577 perculissent,
545 498 582 552 ut
594 487 763 562 sustinuit,
778 487 812 552 di
829 487 1034 554 immortales
1047 488 1055 552 l
1086 487 1245 557 Sustinuit?

231 591 336 657 immo
357 611 439 655 vero
462 600 499 653 ut
522 587 725 671 contempsit
748 608 790 651 ac
813 608 875 672 pro
898 589 1005 654 nihilo
1028 589 1159 673 putavit,
1177 611 1245 675 quae

231 712 342 776 neque
367 687 518 752 maximo
543 686 658 750 animo
680 707 809 751 nocens
825 708 937 773 neque
954 688 1112 753 innocens
1127 689 1183 752 nisi
1196 689 1246 753 sor.

230 789 380 854 tissimus
407 788 459 851 vir
490 786 676 872 neglegere
704 785 888 870 potuisset!
929 786 1118 864 Scotorum,
1142 789 1248 875 gladio

230 911 320 963 rum,
334 888 520 960 frenorum,
536 885 751 971 pilorumque
765 886 867 950 etiam
880 887 1057 952 multitudo
1069 885 1250 972 deprehendi

231 1009 331 1074 posse
363 986 597 1059 indicabatur3
636 986 770 1050 nullum
801 985 837 1050 in
871 988 955 1052 urbe
989 987 1113 1063 vicum,
1143 989 1251 1052 nullum

232 1086 449 1174 angiportum
472 1106 547 1151 esse
564 1084 736 1161 dicebant,
754 1087 789 1150 in
806 1109 874 1173 quo
889 1086 1013 1153 Miloni
1030 1089 1186 1153 conducta
1199 1108 1251 1152 non
1326 1130 1327 1139 η

232 1197 322 1252 esset
351 1187 494 1262 domus3
534 1207 630 1250 arma
662 1185 698 1250 in
724 1186 842 1251 villam
871 1187 1114 1253 Ocriculanam
1137 1190 1255 1252 devecta
1326 1188 1327 1229 ἒ

231 1286 363 1361 Tiberi,
397 1287 518 1352 domus
560 1286 596 1351 in
637 1288 726 1353 clivo
766 1287 960 1374 Capitolino
1001 1290 1105 1354 scutis
1141 1288 1253 1361 referta,

232 1388 334 1472 plena
352 1386 467 1451 omnia
484 1388 721 1452 malleolorum
739 1390 782 1452 ad
795 1390 887 1454 urbis
900 1389 1060 1459 incendia
1074 1398 1256 1474 comparato

232 1510 329 1552 rum:
354 1486 441 1552 haec
461 1509 529 1553 non
550 1489 662 1553 delata
688 1489 811 1563 solum,
836 1490 897 1554 sed
921 1510 1032 1574 paene
1057 1491 1189 1564 credita,
1208 1505 1257 1550 nec

233 1600 312 1653 ante
343 1588 521 1674 repudiata
553 1598 631 1653 sunt
661 1609 765 1674 quam
796 1589 962 1675 quaesita.
1010 1605 1057 1652 65.
1080 1588 1257 1652 Laudaban

233 1689 393 1775 equidem
429 1687 663 1753 incredibilem
696 1688 908 1774 diligentiam
940 1686 1008 1754 Cn.
1040 1688 1189 1773 Pompei,
1213 1684 1258 1750 sed

233 1789 346 1854 dicam
366 1799 402 1852 ut
421 1789 542 1863 sentio,
562 1787 708 1876 judices.
757 1785 871 1852 Nimis
895 1789 998 1853 multa
1021 1788 1259 1874 audire-cogun-

233 1902 300 1965 tur,
327 1909 439 1975 neque
463 1889 560 1953 aliter
583 1887 697 1951 facere
721 1898 873 1972 possunt,
897 1888 928 1952 ei
952 1889 1077 1974 quibus
1100 1899 1165 1953 tota
1190 1906 1260 1951 corn·

234 1991 338 2054 missa
352 2002 402 2054 est
415 2010 469 2052 res
482 1988 631 2072 publica.
679 1986 773 2071 Qin
791 1988 892 2051 etiam
909 1987 972 2052 suit
988 1989 1176 2053 audiendus
1192 2005 1261 2071 popa

234 2089 390 2154 Licinius
407 2089 523 2152 nescio
539 2088 597 2173 qui
614 2089 656 2153 de
674 2086 776 2153 Circo
800 2088 964 2163 maxim0‚
988 2110 1108 2155 servos
1130 2086 1260 2158 Milonis

236 2190 327 2274 apud
355 2210 392 2252 se
420 2188 531 2251 ebrios
560 2188 680 2262 factos,
706 2186 769 2251 sibi
797 2188 971 2252 confessos
996 2209 1074 2254 esse
1096 2190 1138 2253 de
1161 2185 1262 2251 interfi-

235 2289 357 2354 ciendo
374 2287 539 2373 Pompeio
557 2287 766 2374 conjurasse,
786 2287 864 2351 dein
881 2299 998 2371 postea
1016 2310 1053 2353 se
1071 2289 1185 2378 gladio
1204 2306 1263 2372 per·

235 2410 373 2453 cussum
401 2410 476 2452 esse
503 2388 545 2452 ab
571 2409 639 2450 uno
665 2387 708 2451 de
733 2387 812 2462 illis,
831 2408 874 2451 ne
899 2387 1075 2453 indicaret.
1124 2385 1264 2471 Pompeio

234 2489 269 2552 in
287 2490 400 2553 hortos
418 2486 604 2559 nuntiavit;
630 2506 785 2550 arcessor
803 2489 838 2549 in
862 2487 1001 2571 primis3
1030 2489 1075 2554 de
1101 2489 1265 2553 amicorum

235 2589 401 2653 sententia
433 2609 504 2653 rem
538 2586 646 2651 desert
673 2587 718 2651 ad
746 2597 914 2651 senatum.
963 2587 1044 2652 Non
1072 2600 1219 2674 poteram
1241 2585 1266 2646 in

233 2689 325 2754 illius
358 2688 426 2753 mei
463 2687 660 2773 patriaeque
698 2687 846 2751 custodis
876 2698 969 2751 tanta
1001 2690 1187 2773 suspitione
1214 2703 1267 2750 nou

234 2802 326 2854 metu
342 2788 553 2861 exanimari3
577 2787 637 2851 sed
657 2786 806 2851 mirabar
822 2798 936 2851 tamen
954 2788 1046 2853 credi
1064 2811 1188 2875 popae,
1206 2806 1267 2851 con·

172 2969 175 2976 Ι
234 2890 417 2955 sessionem
451 2909 626 2952 servorum
658 2886 782 2960 audiri,
812 2887 934 2951 volnus
974 2888 1008 2951 in
1048 2889 1168 2964 latere,
1195 2881 1267 2974 quod

235 3012 298 3055 acu
327 3001 491 3075 punctum
514 2987 698 3061 videretur,
723 3008 784 3071 pro
811 2985 880 3050 ictu
907 2987 1109 3074 gladiatoris
1138 2984 1266 3075 probari.

233 3110 280 3156 aa.
299 3090 443 3163 Verum,
458 3098 495 3151 ut
511 3087 686 3173 intellego,
702 3087 846 3151 cavebat
863 3088 974 3174 magis
987 3087 1173 3174 Pompeius
1185 3103 1270 3174 quarn

212 3257 216 3263 ,
234 3192 387 3266 timebat,
406 3212 474 3254 non
492 3208 532 3251 ea
550 3188 660 3251 solum
678 3207 766 3272 quae
783 3186 933 3251 timenda
951 3199 1060 3262 erant,
1079 3190 1143 3254 sed
1159 3186 1270 3253 omnia.

235 3314 278 3356 ne
300 3314 359 3356 vos
384 3289 512 3376 aliquid
536 3287 710 3351 timeretis.
760 3286 970 3374 Oppugnata
994 3288 1117 3353 domus
1142 3288 1182 3352 C.
1199 3285 1271 3350 Cae·

236 3390 335 3464 saris
363 3389 551 3454 clarissimi
575 3399 608 3452 et
640 3386 811 3452 fortissimi
836 3387 912 3461 viri,
946 3409 1007 3472 per
1032 3389 1156 3453 multas
1181 3382 1271 3450 noctis

236 3491 338 3553 horas
358 3491 587 3553 nuntiabatur.
637 3487 751 3552 Nemo
776 3486 930 3551 audierat
953 3500 1021 3550 tam
1047 3487 1173 3552 celebri
1198 3486 1268 3551 loco,

237 3610 338 3651 nemo
360 3600 533 3652 senserat:
558 3600 672 3652 tamen
689 3587 901 3651 audiebatur.
950 3586 1031 3651 Non
1049 3599 1201 3672 poteram
1216 3582 1269 3647 Cn·

237 3687 454 3772 Pompeium,
488 3687 778 3772 praestantissima
820 3687 940 3751 virtute
977 3688 1100 3761 virum,
1132 3684 1271 3749 timidum

238 3786 425 3871 suspicari:
446 3786 672 3872 diligentiam,
686 3798 755 3850 tota
768 3787 944 3870 republica
961 3799 1130 3871 suscepta,
1143 3781 1271 3848 nimian

237 3887 368 3948 nullam
400 3885 577 3967 putabam:
639 3885 927 3969 Frequentissimo
959 3896 1078 3949 senatu
1109 3897 1216 3968 nuper
1244 3876 1272 3938 in
1326 3878 1327 3927 l

238 3981 409 4066 Capitolio
433 3991 568 4043 senator
590 3980 746 4046 inventus
770 3994 821 4046 est
843 3984 901 4067 qui
926 3983 1092 4048 Milonem
1118 3975 1272 4049 cumtelo
1326 3950 1327 4041 i
