2572 4442
88 223 149 292 1·³·l
312 223 488 289 Invectt've
510 225 651 309 against
680 221 843 288 Cutiliae.
1066 222 1108 308 85

82 422 177 476 himself
189 422 342 494 remaining
362 422 389 475 in
407 422 454 477 the
473 423 530 493 city
544 429 573 475 to
592 421 681 476 direct
698 421 858 491 operations
877 421 963 478 there.
1001 422 1108 498 Cicero,

23 572 27 588 ¹
59 514 212 579 meantime,
226 512 281 565 had
295 512 432 584 managed
445 520 474 565 to
494 513 565 582 keep
583 513 662 566 track
680 512 712 565 of
727 513 773 566 the
793 513 957 584 conspiracy
969 513 998 567 in
1016 513 1053 566 all
1072 514 1108 567 its

78 604 173 668 details;
191 603 252 669 and,
267 602 350 656 when
367 602 486 656 Catiline
502 602 557 656 had
570 602 617 656 the
631 602 780 673 effrontery
792 611 821 656 to
834 619 937 672 appear
949 603 978 655 in
991 602 1035 657 his
1048 611 1110 657 seat

75 697 96 748 in
108 695 147 748 the
164 695 270 760 Senate,
285 694 322 747 he
345 693 424 747 burst
443 710 519 762 upon
538 692 596 745 him
616 693 682 745 with
701 709 718 745 a
736 692 804 763 fiery
821 694 964 759 invective,
982 694 1030 749 the
1048 694 1109 748 first

18 824 32 867 f!
74 785 99 838 ol
115 786 156 838 the
175 784 236 837 four
259 788 276 814 “
286 784 420 849 orations
446 783 556 854 against
576 783 722 837 Catiline.”
761 782 900 854 Probably
918 799 992 837 none
1011 783 1043 837 of
1063 785 1108 838 his

5 866 9 938 s
27 889 30 953 j
73 876 186 944 speeches
199 877 223 929 is
236 876 330 930 better
343 877 445 930 known
458 875 525 927 than
538 874 603 942 this,
618 889 649 927 or
662 889 784 944 conveys
797 889 815 927 a
832 873 948 928 better'
940 875 1108 943 impression

5 1003 21 1028 ‚·,
71 967 96 1020 os
106 968 143 1020 his
152 983 340 1036 powerasan
353 976 453 1022 orator
554 976 761 1129 ξω
775 1018 812 1055 Η
818 1004 850 1067 ό

277 1141 520 1207 LInvectt've
547 1142 688 1228 aganst
716 1139 879 1207 Catilr'ne.

409 1293 443 1344 In
455 1295 503 1345 the
516 1293 627 1355 Senate,
641 1295 714 1344 Nov
726 1293 750 1346 8

135 1415 201 1482 UO
224 1440 338 1507 usque
355 1418 492 1483 tandem
512 1419 631 1485 abuter
655 1466 663 1494 ,
683 1417 848 1495 Catilina,
866 1419 1028 1516 patientia
1045 1441 1106 1486 no·

10 1578 23 1586 .
177 1518 270 1584 stra?
321 1518 439 1605 Quam
455 1518 514 1584 dtu
531 1519 633 1583 ettam
650 1519 767 1584 furor
759 1532 821 1585 rste
845 1532 923 1585 tuus
948 1542 1011 1585 nos
1034 1508 1106 1585 elu-

12 1640 21 1689 l
66 1617 127 1697 det?
173 1619 295 1705 Qem
321 1621 364 1684 ad
386 1620 490 1684 finem
507 1640 583 1684 sese
600 1619 765 1684 effrenata
778 1620 920 1708 jactabit
936 1619 1105 1685 audacia?

5 1747 9 1771 τ
65 1714 189 1785 Nihilne
217 1733 251 1786 te
283 1731 487 1786 nocturnum
513 1720 722 1805 praesidium
746 1719 870 1796 Palati,
899 1721 983 1784 nihil
1011 1721 1105 1787 urbis

64 1818 198 1904 vigiliae,
225 1821 315 1885 nihil
339 1822 439 1885 timor
463 1819 595 1905 populi,
618 1820 703 1883 nihil
728 1841 913 1886 concursus
937 1821 1105 1887 bonorum

5 1928 17 2010 t·
66 1919 211 1995 omniurn,
230 1920 322 1985 nihil
340 1920 396 1984 hic
413 1919 658 2007 munitissimus
677 1919 825 1984 habendi
839 1936 976 1988 senatus
994 1921 1103 1998 locus,

11 2029 15 2037 ·
65 2017 133 2082 nihil
163 2020 291 2085 horum
322 2040 383 2084 ora
415 2020 593 2104 voltusque
629 2018 828 2084 moverunt?
889 2020 1010 2088 Patere
1046 2034 1105 2089 tua

10 2130 13 2155 t
66 2119 188 2183 consilia
215 2142 289 2186 non
314 2117 441 2185 sentis?
474 2118 690 2183 constrictam
711 2118 784 2207 jam
809 2121 930 2186 horum
951 2124 1104 2189 omnium

64 2217 186 2283 scientia
206 2220 320 2285 teneri
340 2217 610 2305 conjurationem
625 2210 724 2283 tuam
749 2242 817 2284 non
842 2221 960 2287 vides?
1008 2224 1115 2307 Quid

5 2378 7 2406 ,
64 2318 216 2413 progignat,
236 2319 323 2407 quid
340 2317 515 2402 superiore
533 2329 631 2405 nge-te
656 2320 781 2413 eger-is,
800 2322 857 2386 ubi
883 2322 999 2398 fueris,
1018 2345 1104 2409 quos

64 2420 307 2494 convocaveris,
321 2418 405 2505 quid
422 2416 542 2509 cormili
560 2419 705 2504 ceperis,
720 2441 821 2506 quern
834 2433 988 2513 an
1006 2422 1105 2510 igno-

64 2534 124 2581 tare
139 2516 339 2586 arbitraris?

96 2630 120 2677 2.
141 2619 179 2686 Ov
197 2617 377 2707 tte
410 2617 442 2684 O
467 2617 599 2684 mores!
647 2617 795 2687 Senatus
815 2621 903 2688 haec
923 2622 1102 2710 intellegit,

64 2722 164 2784 consul
193 2721 309 2787 videt:
350 2719 407 2783 hic
435 2730 550 2782 tamen
580 2719 675 2784 vivit.
735 2720 851 2785 Vivit?
890 2720 994 2788 immo
1021 2745 1104 2789 vero

63 2816 148 2883 etiam
175 2822 213 2886 in
245 2829 401 2884 senatum
425 2817 531 2891 venit,
556 2818 593 2882 fit
617 2819 744 2904 publici
769 2821 889 2885 consili
917 2823 1101 2919 pam-iceps,

65 2931 140 2984 rotat
163 2934 197 2987 et
226 2920 387 3007 designat
414 2919 522 2984 oculis
550 2919 594 2984 ad
623 2920 764 2985 caedem
793 2943 899 2985 unum
931 2944 1103 3036 quemque

63 3034 212 3087 nostrum.
264 3020 338 3086 Nos
363 3032 490 3091 autem,
509 3019 660 3086 fortes
628 3020 705 3096 vrri,
724 3021 804 3086 satis
822 3021 935 3087 facere
952 3045 1001 3088 rer
988 3023 1103 3109 'pub-

22 3108 134 3207 3'licae
153 3124 324 3195 videmur,
344 3121 371 3185 si
393 3119 488 3185 istius
508 3120 656 3186 furorem
681 3133 759 3186 act
746 3123 814 3186 tela
838 3123 995 3216 vitemus.
1044 3122 1103 3189 Ad

62 3233 190 3287 mortem
215 3236 261 3297 te,
285 3220 448 3294 Catilina,
474 3220 587 3286 duci
574 3243 671 3309 jussu
697 3222 885 3287 consulis
871 3244 944 3309 jam
969 3223 1102 3307 pridem

62 3326 244 3399 Oportebat,
273 3321 309 3385 in
326 3332 357 3385 te
375 3320 521 3386 conferri
537 3334 666 3406 pestem
684 3342 788 3407 quam
813 3322 907 3386 tuin
932 3344 993 3387 nos
1014 3322 1103 3410 [jam

63 3413 125 3507 diu]
145 3421 366 3487 machinaris.
416 3434 444 3481 ³.
467 3419 525 3484 An
543 3442 623 3485 vero
639 3443 691 3484 v1r
707 3421 1010 3504 amplissimus‚P
1027 3423 1102 3488 Sci·

64 3515 120 3594 pio,
151 3521 305 3612 pontifex
346 3521 555 3598 maximum
562 3520 619 3584 Ti
654 3519 851 3633 Grtppphum
887 3522 1102 3588 mediocriter

63 3592 311 3711 labefactantem
335 3631 459 3686 statum
481 3619 529 3683 rei
554 3620 712 3704 publicae
737 3619 888 3704 privatus
912 3622 1100 3688 interfecit:

65 3689 248 3798 Catilinam,
267 3723 414 3787 orbemt
401 3732 511 3786 terrae
532 3720 638 3785 caede
659 3732 775 3815 atque
779 3720 947 3786 incendiis
967 3734 1101 3788 vastare

64 3821 256 3902 cupientem,
275 3843 337 3886 nos
354 3820 512 3886 consules
530 3818 763 3903 perferemus?
810 3819 903 3884 Nam
921 3821 980 3885 illa
1000 3821 1101 3886 nimis

5 3894 7 3935 i
66 3919 187 4011 antiqua
207 3935 397 4010 praetereo,
415 3920 507 4007 quod
530 3918 759 4007 C.-Seflrjlius
778 3918 895 3984 Ahala
919 3919 982 4005 Sp.
1002 3919 1100 4015 Mae-
