2572 4442
16 336 17 339 ¹
44 319 131 392 nia]
321 321 397 388 The
427 321 552 412 &17th
576 323 625 409 os
640 321 793 389 Letters.
1002 339 1068 409 139

44 522 83 588 nisi
95 542 148 587 eos
166 521 329 587 doctrina
354 524 475 588 eadem
494 521 722 589 relaxemus?
768 521 846 609 Ego
862 544 944 589 vero
960 523 1068 588 fateor

44 645 76 686 ne
88 623 134 686 his
152 622 277 686 studiis
299 644 380 688 esse
400 622 574 688 deditum:
602 636 733 707 CQ
752 623 892 707 pudeat,
910 623 938 687 si
955 623 1012 710 qui
1029 645 1067 689 se

34 723 64 784 itt
80 721 188 786 litteris
209 721 426 786 abdiderunt
446 734 482 786 ut
503 723 588 787 nihil
611 723 741 808 possint
756 743 800 786 ex
820 721 869 786 eis
894 744 1005 808 neque
1022 723 1066 787 ad

33 842 223 886 communem
258 821 401 887 adferre
426 821 586 897 fructum,
616 843 728 908 neque
756 821 791 885 in
815 835 993 905 aspectum
1017 823 1068 886 lu·

30 941 145 1005 cemque
162 920 349 1006 proferre:
368 942 422 985 me
440 933 554 985 autem
564 922 653 1007 quid
670 921 808 1006 pudeat,
821 920 878 1006 qui
896 933 943 986 tot
959 942 1067 986 annos

27 1022 60 1081 ita
73 1021 153 1095 vivo,
168 1021 330 1107 judices,
349 1033 385 1086 ut
400 1042 420 1085 a
438 1020 565 1085 nullius
590 1022 753 1108 umquam
771 1043 825 1085 me
842 1032 994 1106 tempore
1011 1034 1069 1085 aut

16 1121 183 1195 tcommodo
209 1133 274 1185 aut
302 1122 409 1187 otium
439 1142 553 1185 meum
583 1120 799 1195 abstraxerit,
827 1132 885 1185 aut
909 1122 1067 1206 voluptas

16 1220 165 1293 avocarit,
184 1232 248 1286 aut
266 1222 420 1307 denique
445 1242 586 1286 somnus
610 1218 819 1285 retardarit?
864 1237 906 1285 1³.
932 1219 1013 1305 Qia
1031 1242 1067 1285 re

27 1317 83 1400 quis
104 1319 244 1385 tandem
270 1344 330 1386 me
355 1320 597 1413 repgeitendat
616 1330 675 1384 aut
692 1319 769 1406 quis
789 1320 872 1384 mihi
895 1320 973 1408 jure
995 1341 1068 1384 sus·

27 1430 152 1493 censeat,
172 1420 215 1494 si,
242 1416 568 1508 quantum'fit'teris
600 1419 644 1484 ad
676 1439 756 1484 suas
787 1441 842 1484 res
874 1418 1065 1494 obeundas,

16 1529 167 1599 iquantum
185 1521 233 1585 ad
252 1521 362 1586 festos
374 1521 450 1586 dies
470 1520 629 1586 ludorum
646 1519 884 1592 celebrandos,
901 1529 1066 1604 quantum

16 1615 58 1677 'ad
71 1616 149 1683 alias
166 1620 369 1705 voluptates
393 1631 426 1684 et
441 1619 486 1685 ad
510 1620 621 1705 ipsam
638 1618 790 1705 requiem
814 1617 918 1681 animi
944 1628 977 1681 et
993 1637 1068 1681 cor-

32 1713 99 1795 poris
114 1720 322 1785 conceditur
339 1714 543 1806 temporum,
560 1731 727 1806 quantum
744 1716 801 1782 alii
818 1717 967 1781 tribuunt
983 1726 1067 1780 tem·

32 1814 144 1893 pestivis
160 1820 348 1896 conviviis,
367 1832 532 1905 quantum
561 1819 709 1904 denique
735 1817 882 1890 alveolo,
900 1828 1066 1902 quantum

33 1911 111 1992 pilae,
134 1926 274 1984 tantum
300 1920 385 1984 mihi
409 1931 546 2006 egomet
565 1919 609 1983 ad
635 1920 722 1982 haec
745 1917 857 1983 studia
883 1917 1066 1982 recolenda

31 2018 240 2103 sumpsero&
285 2018 401 2105 Atque
426 2022 491 2085 hoc
514 2019 591 2084 ideo
624 2018 708 2082 mihi
732 2018 991 2084 concedendum
1016 2028 1068 2084 est

33 2115 132 2199 magis,
150 2121 248 2204 quod
268 2141 313 2184 ex
331 2120 382 2185 his
407 2119 525 2185 studiis
550 2121 638 2184 haec
661 2140 797 2233 quoque
821 2120 943 2185 crescit
959 2120 1066 2186 oratio

32 2220 55 2272 et
67 2211 225 2294 facultas,
252 2241 357 2306 quae,
375 2231 651 2305 quantacumque
673 2220 707 2284 in
727 2241 779 2284 me
797 2229 858 2294 est,
877 2242 1067 2306 numquam

35 2311 197 2383 amicorum
215 2319 382 2405 periculis
398 2320 514 2384 defuit.
559 2319 704 2405 Qae
678 2343 706 2385 s1
724 2341 778 2386 cu1
770 2320 903 2387 levior
920 2321 1064 2394 videtur,

33 2404 75 2473 llla
97 2416 238 2500 quidem
269 2431 373 2514 certe,
401 2440 491 2505 quae
522 2441 658 2484 summa
685 2430 776 2496 sunt,
807 2443 851 2486 ex
878 2444 946 2508 quo
974 2422 1066 2486 tonte

35 2503 166 2676 hssm
195 2508 351 2584 sentio.
381 2534 423 2581 14.
447 2517 540 2583 Nam
568 2519 633 2584 nisi
662 2522 846 2586 multorum
874 2522 1067 2607 praeceptis

60 2629 192 2700 ulsque
210 2618 332 2683 litteris
350 2618 433 2683 mihi
450 2620 494 2682 ab
511 2619 827 2684 adulescentiaa
765 2623 962 2707 thsissem,
982 2621 1067 2685 nihil

38 2723 90 2774 esse
113 2714 148 2779 in
175 2719 250 2783 vita
279 2739 406 2805 magno
437 2739 540 2803 opere
572 2718 805 2803 expetendum
832 2714 897 2783 nisi
929 2721 1066 2785 laudem

18 2818 113 2909 1atque
144 2817 375 2893 honestatem,
399 2819 434 2882 in
466 2838 507 2881 ea
540 2829 653 2882 autem
686 2819 925 2905 persequenda
956 2820 1068 2884 omnis

41 2912 182 2983 metatus
207 2919 373 3003 corporis,
392 2918 508 2983 omnia
533 2918 686 3004 pericula
712 2919 827 2983 mortis
844 2930 944 3004 atque
969 2919 1068 2983 exsili

39 3012 110 3123 Q
126 3036 201 3084 esse
220 3019 392 3093 ducenda,
405 3039 601 3105 numquam
627 3041 681 3084 me
700 3041 759 3104 pro
777 3019 885 3084 salute
903 3031 1015 3082 vestra
1033 3019 1067 3082 in

39 3086 105 3168 tot
87 3131 125 3177 ac
148 3126 263 3184 tantas
286 3118 523 3188 dimicationes
549 3132 649 3205 atque
671 3120 705 3184 in
723 3121 785 3185 hos
810 3118 1067 3205 profligatorum

38 3196 192 3282 hominum
214 3218 420 3284 cotidianos
429 3219 576 3304 impetus
585 3220 819 3333 onem
877 3217 948 3284 Sed
976 3219 1068 3304 pleni

39 3320 135 3378 0mnes
160 3328 241 3382 sunt
263 3318 352 3392 libri,
371 3320 495 3404 plenae
519 3319 725 3433 sapientium
747 3340 862 3394 voces,
882 3319 984 3404 plena
1010 3340 1070 3383 ex-

37 3410 207 3512 duplorum
225 3428 394 3484 vetustas.
420 3440 509 3506 quae
534 3420 689 3506 jacerent
706 3418 740 3482 in
764 3419 912 3484 tenebris
937 3419 1066 3492 omnia,

38 3500 88 3569 nisi
107 3512 290 3582 litterarum
308 3519 424 3584 lumen
449 3519 640 3584 accederet.
691 3510 808 3603 Qam
829 3519 952 3583 multas
969 3519 1067 3583 nobis

36 3611 244 3707 ³¹ssagines-
199 3640 324 3683 -non
342 3619 452 3683 solum
471 3619 514 3683 ad
532 3618 748 3692 intuendum,
765 3639 884 3682 verum
902 3619 1004 3684 etiam
1024 3619 1068 3682 ad

39 3695 545 3782 'mitandum-fortissimorum
575 3718 724 3782 virorum
754 3739 935 3801 expressas
961 3718 1069 3801 scrip·

20 3806 111 3873 tores
126 3826 157 3880 et
172 3817 297 3887 Graeci
315 3831 347 3882 et
363 3817 476 3881 Latini
495 3816 735 3903 reliquerunt?
783 3815 883 3902 Qas
900 3839 966 3904 ego
984 3816 1068 3880 mihi

20 3910 182 3994 'Semper
174 3940 208 3982 m
233 3916 503 3983 administranda
531 3937 568 3981 re
596 3917 735 4001 publica
763 3938 970 4002 proponens,
995 3914 1075 3979 ani

43 4016 116 4075 mum
131 4027 161 4083 et
175 4028 324 4082 mentem
347 4037 461 4080 meam
483 4016 559 4101 ipsa
579 4015 786 4105 cogitatione
810 4016 988 4083 hominum
1008 4034 1068 4079 ex-

46 4102 212 4183 utentum
234 4114 505 4182 conformabam.
