2722 4438
17 283 48 352 lll
109 302 144 342 11·
163 288 202 358 4]
298 289 369 356 The
398 291 544 357 Crowd:
578 294 634 358 the
656 293 822 381 Mz‘lr‘tary
851 293 988 360 Guard.
1032 382 1037 403 Ι
1100 310 1160 382 171

15 508 44 545 ns
108 489 230 555 timore
249 489 431 576 possimus.
482 489 584 579 Quae
604 492 633 558 si
659 493 814 579 opposita
841 493 964 560 Miloni
991 506 1160 582 putarem,

20 600 49 685 ¹os
105 591 269 655 cederem
285 592 441 678 tempori,
456 592 604 679 judiceS,
623 615 688 658 nec
705 594 792 659 inter
807 607 937 659 tantam
956 596 1025 661 vim
1051 619 1163 664 armo·

15 686 42 745 lli
103 712 185 753 rum
201 690 431 756 existimarem
448 713 522 757 esse
540 692 663 759 oratori
680 693 807 759 locum.
857 694 927 760 Sed
953 718 1007 762 me
1031 710 1163 764 recreat

15 782 48 819 lii:

21 1154 37 1187 [i

22 1232 36 1275 ᾗῇ.

15 970 42 1021 ry:

15 1063 21 1095 l
32 1063 40 1095 r:

880 797 881 800 ¹
887 794 895 809 0

22 860 25 869 ¹
103 799 137 853 et
161 790 272 854 reficit
294 788 359 856 Cn.
383 790 538 877 Pompei,
563 792 804 878 sapientissimi
829 805 862 858 et
881 796 1059 883 justissimi
1083 798 1160 874 viri,

15 861 41 911 nl
104 889 302 963 consilium,
321 891 378 977 qui
395 892 546 976 profecto
563 915 627 957 nec
639 893 789 982 justitiae
807 915 890 959 suae
915 907 1048 980 putaret
1071 918 1160 973 esse,

102 1012 210 1077 quem
228 1012 324 1055 reum
341 992 514 1057 sententiis
527 993 682 1082 judicum
699 994 905 1069 tradidisset,
924 997 1070 1061 eundern
1087 998 1162 1063 telis

103 1090 253 1155 militum
277 1092 416 1168 dedere,
444 1115 509 1157 nec
533 1094 733 1179 sapientiae,
761 1095 987 1160 temeritatem
1014 1097 1162 1162 concita-

102 1202 159 1254 tae
180 1191 403 1257 multitudinis
420 1194 616 1259 auctoritate
636 1194 775 1280 publica
797 1216 944 1260 armare.
993 1211 1020 1258 3.
1046 1195 1162 1280 Quam

103 1291 147 1355 ob
168 1312 242 1354 rem
260 1290 318 1355 illa
336 1313 444 1369 arma,
463 1294 691 1379 centuriones,
711 1296 870 1360 cohortes
886 1317 955 1361 non
972 1296 1162 1382 periculum

102 1390 221 1466 nobiS,
247 1392 308 1456 sed
339 1394 548 1477 praesidium
580 1394 801 1468 denuntiant3
845 1416 957 1482 neque
989 1397 1100 1461 solum
1126 1407 1164 1461 ut

15 1507 36 1557 l.
103 1490 236 1577 quieto,
257 1492 319 1556 sed
342 1493 445 1557 etiam
469 1505 506 1558 ut
529 1516 657 1582 magno
686 1495 801 1559 animo
829 1493 936 1559 simus
965 1496 1162 1570 hortantur3

15 1598 32 1648 {I
102 1612 221 1676 neque
246 1592 412 1657 auxilium
437 1594 538 1659 modo
562 1593 751 1660 defensioni
777 1615 889 1667 meae,
912 1616 1031 1658 verum
1061 1595 1163 1660 etiam

103 1691 281 1756 silentium
309 1693 521 1778 pollicentur.
571 1693 722 1780 Reliqua
748 1715 829 1759 vero
859 1694 1050 1769 multitudo,
1074 1715 1162 1780 quae

18 1783 35 1831 3³³
102 1791 249 1878 quidem
265 1804 316 1857 est
332 1792 469 1868 civium,
488 1804 556 1858 tota
572 1806 688 1858 nostra
705 1805 776 1867 est;
801 1813 912 1879 neque
930 1814 1048 1857 eorum
1073 1793 1164 1880 quis·

15 1890 34 1923 ”³¹
103 1913 226 1980 quam,
254 1914 338 1978 quos
362 1893 511 1979 undique
536 1893 709 1969 intuentis,
734 1893 827 1957 unde
852 1892 967 1978 aliqua
992 1892 1055 1957 sori
1083 1914 1163 1978 pars

104 1992 218 2077 aspici
255 2004 375 2078 potest,
409 2005 442 2058 et
480 1993 581 2081 hujus
619 1993 747 2057 exitum
782 1992 890 2080 judici
934 1992 1164 2078 exspectantis

102 2093 245 2166 videtis,
276 2114 346 2157 non
381 2114 459 2157 cum
493 2092 606 2157 virtuti
635 2092 776 2157 Milonis
809 2092 912 2167 favet,
939 2101 1011 2156 tum
1040 2093 1083 2157 de
1110 2114 1161 2168 se,

19 2184 23 2263 ³,
103 2193 150 2258 de
183 2192 299 2256 liberis
326 2192 408 2268 suis,
436 2192 479 2257 de
511 2193 632 2277 patria,
666 2193 709 2257 de
740 2191 882 2256 fortunis
913 2191 1079 2257 hodierno
1108 2192 1164 2258 die

103 2292 275 2358 decertari
300 2304 405 2376 putat.

152 2412 190 2455 11.
216 2391 333 2457 Unum
366 2414 477 2479 genus
504 2403 555 2463 est
582 2393 764 2456 adversum
792 2391 1022 2478 infestumque
1050 2391 1161 2468 nobiS,

16 2560 18 2563 ,
103 2514 227 2557 eorum
243 2514 328 2577 quos
345 2491 385 2555 Ρ.
401 2491 502 2557 Clodi
519 2492 612 2556 furor
627 2492 756 2576 rapinis
772 2502 805 2555 et
821 2491 988 2555 incendiis
1005 2500 1039 2555 et
1054 2491 1164 2560 omni·

102 2592 171 2657 bus
188 2591 300 2655 exitiis
317 2591 461 2676 publicis
478 2591 591 2676 pavit:
616 2591 673 2677 qui
692 2592 852 2655 hesterna
877 2590 980 2653 etiam
1005 2591 1163 2656 contione

15 2721 16 2727 ¹
103 2691 237 2756 incitati
259 2702 348 2767 sunt,
369 2703 406 2755 ut
424 2691 520 2756 vobis
543 2712 626 2755 voce
651 2690 822 2775 praeirent
845 2689 927 2775 quid
947 2690 1160 2776 judicaretis.

106 2790 268 2875 Quorum
285 2791 414 2855 clamor
430 2791 458 2856 si
475 2791 532 2876 qui
550 2789 634 2854 sorte
651 2789 763 2864 suerit,
779 2790 964 2853 admonere
980 2811 1042 2854 vos
1059 2789 1162 2854 debe-v

15 2972 20 2977 ν
103 2892 165 2968 bit,
191 2902 228 2954 ut
254 2912 333 2954 eum
357 2890 468 2955 civem
491 2889 675 2963 retineatis,
700 2889 757 2974 qui
781 2910 918 2973 semper
941 2909 1053 2974 genus
1076 2889 1161 2954 illud

105 2992 286 3057 hominum
302 2991 537 3076 clamoresque
555 2989 724 3054 maximos
740 3009 824 3074 prae
841 2999 953 3052 vestra
973 2989 1082 3052 salute
1101 3010 1161 3052 ne-

19 3071 22 3074 *
105 3092 228 3179 glexit.
275 3104 303 3150 4.
328 3088 445 3175 Qum
472 3091 516 3155 ob
543 3110 616 3153 rem
644 3089 761 3153 adeste
789 3088 926 3164 animis,
950 3087 1098 3177 judices,
1128 3098 1161 3152 et

103 3193 260 3257 timorem
278 3190 306 3255 si
323 3212 424 3276 quem
441 3189 574 3254 habetis
590 3189 760 3274 deponite.
797 3187 889 3253 Nam
900 3188 982 3252 —si
994 3209 1159 3274 umquam

15 3342 19 3375 3
105 3293 147 3357 de
157 3292 258 3358 bonis
268 3303 302 3355 et
312 3291 453 3356 fortibus
462 3290 556 3365 viris,
570 3289 598 3354 si
609 3311 772 3375 umquam
783 3288 826 3353 de
839 3290 927 3353 bene
939 3287 1067 3352 meritis
1078 3288 1160 3352 civi-

103 3393 167 3457 bus
185 3402 334 3477 potestas
352 3389 483 3476 [vobis]
500 3389 677 3476 judicandi
695 3389 768 3464 fuit,
784 3388 812 3453 si
829 3388 977 3474 denique
994 3410 1157 3475 umquam

103 3494 200 3558 locus
218 3490 506 3576 amplissimorum
523 3490 681 3555 ordinum
699 3489 839 3554 delectis
863 3489 944 3554 viris
969 3490 1068 3553 datus
1093 3500 1156 3565 est,

102 3605 139 3657 ut
158 3614 221 3658 sua
241 3591 352 3657 studia
372 3612 456 3678 erga
476 3590 570 3656 fortis
591 3602 623 3655 et
646 3592 754 3674 bonos
779 3590 877 3665 civis,
895 3610 984 3676 quae
1008 3590 1101 3654 voltu
1125 3599 1159 3659 et

101 3694 216 3758 verbis
240 3713 344 3777 saepe
367 3691 631 3780 significassent,
649 3713 686 3756 re
703 3702 736 3755 et
751 3690 926 3773 sententiis
943 3690 1158 3754 declararent

100 3794 224 3857 -hoc
246 3791 398 3878 profecto
422 3802 573 3877 tempore
598 3812 674 3855 eam
703 3800 902 3875 potestatem
930 3809 1067 3854 omnem
1095 3808 1157 3850 vos

103 3892 247 3968 habetis,
272 3903 310 3956 ut
340 3892 494 3957 statuatis
524 3902 637 3956 utrum
669 3912 744 3965 nos,
770 3889 828 3977 qui
860 3909 996 3974 semper
1023 3896 1156 3951 vestrae

104 3992 292 4059 auctoritati
310 3991 569 4069 deditissimus,
588 4011 724 4076 semper
743 3989 858 4054 miseri
881 3990 1076 4076 lugeamus,
1096 4007 1154 4062 an,
