2760 4448
169 203 211 271 16
491 205 649 291 Desence
672 206 720 291 of
733 203 892 269 Roscius.
1029 200 1135 270 [Rosc.
1157 201 1217 254 An.

168 406 251 472 mihi
283 406 426 494 indigna
459 415 493 470 et
523 404 751 469 intolerabilia
781 403 955 477 videntur,
983 422 1140 488 quaeque
1173 402 1219 466 ad

167 507 291 581 omnis,
314 506 379 571 nisi
404 505 636 590 providemus,
656 503 799 568 arbitror
818 503 999 588 pertinere,
1019 523 1060 566 ea
1081 522 1141 586 pro
1162 523 1219 565 me

167 607 242 692 ipso
259 628 303 672 ex
320 605 425 671 animi
442 604 509 668 mei
527 624 630 667 sensu
648 623 689 666 ac
706 603 821 667 dolore
839 601 1041 686 pronunti03
1066 621 1155 687 quae
1173 601 1219 665 ad

168 708 269 795 hujus
288 707 377 772 vitae
394 703 549 792 [casum]
569 723 709 767 causam
731 701 832 788 [que]
853 701 1057 785 pertineant,
1080 711 1112 764 et
1135 701 1219 785 quid

169 807 225 872 hic
248 829 310 892 pro
334 827 371 872 se
394 804 461 871 dici
484 803 577 878 velit,
600 812 633 866 et
652 822 719 887 qua
741 801 942 865 condicione
962 809 1140 864 contentus
1160 799 1217 875 sit,

173 906 245 994 jam
281 906 317 970 in
349 918 502 970 extrema
532 902 685 968 oratione
717 912 845 976 nostra,
876 899 1023 987 judices,
1058 898 1216 965 audietis.

168 1026 255 1070 xcv.
279 1023 320 1069 41.
342 1005 419 1092 Ego
436 1005 523 1068 haec
540 1024 560 1067 a
576 1001 821 1088 Chrys0g0n0,
840 1019 919 1064 mea
936 1009 1068 1084 sponte,
1087 1009 1219 1064 remoto

168 1105 253 1170 Sex.
284 1105 428 1178 Roscio,
460 1124 608 1189 quaero:
649 1101 810 1187 primum,
834 1121 901 1187 qua
924 1119 961 1164 re
983 1097 1068 1162 civis
1098 1097 1219 1182 optimi

168 1206 258 1268 bona
290 1203 477 1277 venierint3
518 1202 655 1277 deinde,
689 1222 757 1288 qua
789 1220 827 1264 re
859 1196 1007 1263 hominis
1038 1196 1126 1285 ejus,
1158 1197 1219 1283 qui

168 1324 277 1389 neque
287 1304 509 1390 proscriptus
526 1323 637 1388 neque
654 1302 746 1386 apud
764 1290 979 1364 adversarios
998 1296 1138 1362 occisus
1152 1308 1217 1371 est,

168 1404 259 1469 bona
271 1403 449 1477 venierint,
465 1423 543 1467 cum
557 1402 592 1465 in
605 1424 663 1467 eos
676 1403 767 1466 solos
780 1401 837 1465 lex
851 1398 977 1483 scripta
993 1396 1035 1461 sit
1047 1419 1056 1471 3
1076 1397 1215 1471 deinde,

168 1524 274 1590 quare
299 1503 472 1590 aliquanto
496 1514 572 1586 post
595 1523 672 1566 eam
701 1502 792 1566 diem
818 1498 999 1571 venierint,
1026 1516 1115 1582 quae
1144 1496 1218 1561 dies

169 1605 204 1671 in
228 1605 306 1691 lege
331 1602 509 1689 praefinita
532 1612 606 1676 ,est3
639 1598 776 1675 deinde,
802 1621 863 1665 cur
884 1598 1013 1664 tantulo
1035 1596 1215 1661 venierint.

170 1703 272 1789 Qae
289 1702 404 1769 onmia
422 1701 463 1776 si,
478 1723 580 1787 quem
598 1702 641 1766 ad
659 1701 925 1777 modumksolent
940 1696 1050 1762 liberti
1068 1717 1217 1782 nequam

169 1814 203 1868 et
218 1803 361 1887 improbi
379 1802 504 1875 lacere,
520 1800 555 1864 in
572 1811 752 1885 patronum
769 1822 869 1865 suum
886 1798 1031 1863 voluerit
1047 1797 1215 1872 conferre,

169 1902 254 1967 nihil
278 1901 406 1988 egeritz
439 1922 540 1965 nemo
565 1911 615 1964 est
637 1899 728 1963 enim
744 1900 801 1986 qui
819 1900 948 1965 nesciat
964 1909 1103 1984 propter
1120 1918 1218 1986 mag·

168 2001 357 2066 nitudinem
379 2021 492 2063 rerum
514 2001 620 2064 multa
645 2000 768 2065 multos
792 1999 906 2065 furtim
930 2000 1146 2086 imprudente
1170 1998 1215 2063 L.

169 2101 267 2168 Sulla
291 2099 514 2164 commisisse.
1192 2108 1259 2161 ,aa

213 2217 259 2264 42.
282 2199 401 2264 Placet
432 2198 535 2285 igitur
566 2198 600 2262 in
629 2198 682 2264 his
706 2200 808 2265 rebus
833 2200 962 2286 aliquid
986 2200 1218 2286 imprudentia

168 2296 374 2387 praeteriri?
420 2297 501 2364 Non
539 2300 664 2384 placet,
697 2299 845 2387 judiceS,
882 2302 943 2366 sed
979 2322 1119 2367 necesse
1152 2313 1215 2366 est.
1292 2342 1295 2349 ‚

167 2401 304 2467 Etenim
332 2397 360 2463 si
385 2397 542 2484 Juppiter
570 2399 717 2484 optimus
745 2394 932 2476 maximus,
956 2402 1053 2489 cujus
1077 2412 1160 2467 nutu
1185 2411 1220 2467 et

169 2500 306 2566 arbitrio
324 2500 458 2563 caelum
475 2510 564 2563 terra
582 2500 759 2585 mariaque
783 2511 959 2587 reguntur,
980 2523 1084 2587 saepe
1107 2503 1219 2567 ventis

167 2598 480 2666 vehementioribus
513 2610 571 2663 aut
602 2598 834 2670 immoderatis
866 2603 1125 2686 tempestatibus
1160 2613 1219 2666 aut

168 2701 274 2766 nimio
291 2701 405 2764 calore
422 2709 480 2763 aut
497 2699 700 2764 intolerabili
718 2700 846 2787 frigore
868 2702 1062 2767 hominibus
1088 2703 1216 2776 nocuit,

167 2800 261 2866 urbis
292 2799 429 2874 delevit,
460 2799 577 2885 sruges
608 2800 768 2884 perdidit,
798 2821 945 2886 quorum
973 2802 1059 2865 nihil
1087 2802 1218 2887 pernici

168 2920 273 2966 causa
304 2899 420 2964 divino
454 2898 610 2973 consilio,
643 2900 704 2965 sed
735 2900 769 2965 vi
801 2900 877 2985 ipsa
911 2912 945 2966 et
978 2902 1218 2989 magnitudine

166 3021 282 3067 rerum
305 2999 432 3063 sactum
457 3010 637 3082 putamus3
671 3011 706 3065 at
729 3011 859 3076 contra,
885 3003 1065 3069 commoda
1094 3002 1218 3090 quibus

167 3101 293 3165 utimur
311 3099 493 3183 lucemque
513 3119 581 3184 qua
601 3099 746 3165 fruimur
763 3102 986 3189 spiritumque
1003 3125 1105 3189 quem
1122 3102 1219 3167 duci·

168 3221 244 3264 mus
262 3200 303 3263 ab
321 3220 361 3263 eo
378 3198 476 3263 nobis
493 3200 567 3263 dari
585 3211 686 3287 atque
710 3202 874 3288 impertiri
897 3204 1067 3279 videmus,
1079 3203 1219 3290 -quid

167 3299 331 3363 miramur
353 3298 397 3362 L.
414 3297 561 3375 Sullam,
581 3321 659 3365 cum
676 3303 770 3368 solus
786 3324 858 3368 rem
876 3303 1050 3388 publicam
1067 3314 1215 3391 regeret,

100 3429 104 3436 ·
167 3399 353 3484 orbemque
368 3410 536 3464 terrarum
556 3402 776 3488 gubernaret,
795 3403 984 3490 imperique
1005 3404 1217 3491 majestatem
1314 3400 1317 3404 ’

168 3520 271 3585 quam
289 3498 392 3563 armis
410 3513 587 3585 receperat
603 3502 738 3589 legibus
755 3504 985 3578 confirmaret,
1005 3504 1119 3589 aliqua
1145 3503 1219 3567 ani·

168 3599 380 3663 madvertere
404 3622 473 3664 non
498 3601 669 3684 potuisse?
715 3602 793 3667 Nisi
815 3604 881 3667 hoc
904 3604 1024 3667 mirum
1044 3615 1106 3677 est,
1125 3604 1218 3689 quod

167 3699 219 3764 vis
247 3698 363 3763 divina
392 3699 534 3786 adsequi
563 3722 632 3766 non
660 3701 779 3787 possit,
805 3701 833 3766 si
865 3702 900 3767 id
932 3723 1029 3767 mens
1064 3704 1218 3769 humana

170 3799 293 3884 adepta
317 3820 386 3864 non
410 3799 464 3865 sit.

213 3915 260 3965 43.
282 3897 426 3976 Vereor,
441 3899 589 3988 judiceS,
608 3921 652 3966 ne
673 3900 750 3987 quis
772 3901 959 3987 imperitior
975 3901 1146 3967 existimet
1161 3920 1217 3966 me
