2760 4448
124 288 204 332 xv111·
218 279 273 351 55]
438 280 584 371 Appeal
602 289 637 347 to
660 281 718 348 the
746 280 868 349 court.
1131 300 1171 370 41

159 501 253 545 xvrr.
279 499 328 546 ω.
354 474 587 568 Quapropter,
621 481 769 568 primum
804 483 849 548 ab
881 482 946 550 Dis
977 483 1176 550 immortali·

119 579 190 654 bus,
218 582 312 667 quod
346 603 486 667 sperare
518 582 601 646 mihi
632 582 764 657 videor,
796 583 862 647 hoc
893 583 997 657 idem,
1022 583 1172 670 judices,

117 692 205 763 opto,
226 693 264 744 ut
281 681 318 744 iu
336 682 403 745 hoc
414 681 544 768 judicio
560 703 663 746 nemo
676 681 851 767 improbus
868 694 1097 767 praeteream
1115 682 1173 769 qui

119 778 334 865 jampridem
357 781 513 846 inventus
540 793 591 845 est
616 782 827 867 reperiatur:
856 782 981 847 deinde
1005 780 1034 847 si
1057 782 1174 868 plures

114 879 264 964 improbi
282 880 422 954 suerint,
440 881 507 945 hoc
522 881 632 955 vobis,
651 882 718 945 hoc
738 883 865 966 populo
889 881 1065 956 Romano,
1083 882 1174 970 judi·

114 999 181 1054 ces,
214 981 400 1055 confirmo,
428 981 532 1044 vitam
565 981 799 1068 (mehercule)
833 981 914 1044 mihi
940 984 1047 1067 prius,
1068 1002 1171 1067 quam

111 1080 179 1143 vim
201 1081 569 1166 perseverantiamque
592 1081 637 1145 ad
661 1080 797 1145 illorum
822 1081 1073 1168 improbitatem
1097 1102 1174 1168 per·

112 1181 332 1266 sequendam
356 1179 562 1245 defuturam.

152 1298 195 1344 51.
220 1281 373 1356 Verum,
399 1281 490 1367 quod
514 1302 581 1369 ego
609 1281 797 1354 laboribus,
825 1281 1000 1367 periculis,
1028 1281 1172 1347 inimici-

110 1380 239 1469 tiisque
260 1382 361 1457 meis,
382 1393 454 1446 tum
475 1403 554 1447 cum
580 1382 769 1447 admissum
793 1382 856 1446 erit
879 1383 1030 1448 dedecus
1054 1402 1173 1448 severe

111 1504 164 1548 me
192 1494 457 1568 persecuturum
482 1504 559 1548 esse
583 1483 759 1568 polliceor,
779 1481 814 1548 id
833 1504 877 1548 ne
897 1484 1044 1559 accidat,
1062 1494 1098 1547 tu
1114 1494 1173 1547 tua

86 1585 330 1669 auctoritate,
361 1583 541 1668 sapientia,
572 1583 764 1671 diligentia,
795 1582 858 1647 Μ’.
888 1582 1045 1658 Glabri0,
1075 1593 1173 1669 potes

110 1685 313 1768 providere.
361 1682 508 1768 Suscipe
529 1705 670 1749 causam
683 1684 913 1771 judiciorum:
938 1683 1076 1768 suscipe
1092 1704 1174 1748 cau·

109 1806 189 1850 sam
215 1784 421 1858 severitatis,
447 1784 663 1870 integritatis,
689 1785 783 1859 fidei,
806 1783 1004 1870 religionis:
1037 1783 1173 1868 suscipe

110 1907 259 1950 causam
285 1897 435 1958 senatus,
454 1896 490 1949 ut
513 1886 554 1959 is,
574 1886 640 1950 hoc
659 1884 791 1972 judicio
812 1885 988 1970 probatus,
1010 1905 1089 1949 cum
1112 1906 1174 1969 po·

110 1987 196 2073 pulo
230 1986 394 2051 Romano
425 1996 458 2049 et
488 1984 523 2048 in
555 1985 657 2049 laude
678 1983 718 2050 ¹et
745 1985 779 2049 in
809 1984 920 2071 gratia
947 2005 1023 2050 esse
1051 1985 1169 2071 possit.

110 2087 243 2176 Cogita
269 2085 327 2173 qui
352 2086 411 2160 sis,
439 2107 507 2171 quo
535 2085 611 2151 loco
638 2084 698 2161 sis,
725 2086 806 2172 quid
834 2085 917 2150 dare
944 2086 1072 2171 populo
1099 2085 1173 2151 Ro·
1244 2120 1247 2123 ·

110 2210 234 2263 mano,
261 2186 345 2272 quid
368 2186 511 2249 reddere
536 2185 723 2274 majoribus
746 2185 824 2262 tuis,
849 2185 998 2250 debeas:
1030 2185 1085 2251 fac
1112 2185 1171 2251 tibi

112 2301 282 2374 paternae
306 2286 395 2372 legis
419 2284 591 2373 [Aciliae]
617 2286 734 2351 veniat
756 2285 791 2349 in
817 2299 979 2360 mentem,
1001 2307 1068 2372 qua
1094 2288 1172 2373 lege

112 2388 266 2475 populus
289 2387 471 2452 Romanus
496 2387 539 2450 de
563 2386 719 2471 pecuniis
743 2387 940 2471 repetundis
962 2387 1097 2472 optimis
1117 2387 1172 2475 ju·

114 2489 216 2555 diciis
235 2486 531 2571 severissimisque
547 2486 721 2573 judicibus
739 2508 823 2552 usus
839 2498 900 2550 est.
946 2503 992 2550 aa.
1015 2485 1173 2552 Circum·

114 2599 206 2654 stant
224 2598 259 2651 te
284 2607 439 2651 summae
460 2586 689 2661 auctoritates,
712 2607 801 2672 quae
825 2596 858 2651 te
882 2587 1037 2652 oblivisci
1060 2587 1172 2652 laudis

114 2686 327 2754 domesticae
352 2708 420 2750 non
444 2685 579 2760 sinant:
612 2707 701 2771 quae
726 2698 758 2750 te
782 2688 891 2751 noctis
915 2687 1057 2774 diesque
1080 2709 1173 2752 com·

115 2797 296 2861 moneant,
335 2786 555 2850 fortissimum
597 2786 657 2849 tibi
698 2797 843 2871 patrem,
881 2787 1171 2872 sapientissimum

115 2910 234 2961 avum,
255 2885 498 2972 gravissimum
515 2906 672 2949 socerum
691 2886 807 2950 fuisse.
858 2885 941 2970 Qua
960 2908 997 2951 re
1021 2886 1049 2951 si
1070 2885 1173 2973 [Gla-

86 3062 88 3067 4
114 2986 264 3073 brionis]
277 2985 458 3070 patrisvim
470 2996 502 3049 et
512 2984 735 3050 acrimoniam
746 2986 879 3071 ceperis
890 2987 934 3050 ad
944 2986 1172 3051 resistendum

115 3086 315 3154 hominibus
326 3084 562 3150 audacissimis
575 3108 583 3160 3
601 3085 630 3149 si
641 3085 697 3150 avi
712 3084 939 3173 [Scaevolae]
955 3086 1172 3171 prudentiam

116 3190 159 3254 ad
173 3185 437 3273 prospiciendas
449 3185 605 3259 insidias,
618 3207 707 3271 quae
717 3197 797 3250 tuae
808 3197 909 3272 atque
923 3187 1045 3251 horum
1058 3184 1172 3253 famae

114 3296 362 3372 comparantur
373 3307 382 3360 3
403 3284 431 3349 si
443 3284 551 3349 soceri
566 3283 726 3372 [Scauri]
742 3286 983 3361 constantiam,
994 3296 1032 3351 ut
1041 3309 1084 3351 ne
1096 3288 1171 3373 quis

114 3400 146 3454 te
163 3389 208 3453 de
225 3406 310 3450 vera
327 3394 361 3449 et
376 3396 469 3449 certa
486 3384 591 3470 possit
610 3384 779 3449 sententia
802 3384 1007 3461 demovere3
1040 3387 1172 3453 intelle·

116 3500 175 3577 get
190 3485 341 3573 populus
359 3484 553 3559 Romanus,
572 3484 794 3572 integerrimo
811 3496 913 3572 atque
933 3487 1172 3554 honestissimo

116 3599 288 3674 praetore,
317 3585 518 3670 delectoque
542 3584 698 3676 consilio,
722 3584 857 3649 nocenti
882 3607 940 3650 reo
964 3588 1172 3675 magnitudi-

115 3711 195 3754 nem
214 3685 384 3771 pecuniae
404 3686 481 3770 plus
505 3684 668 3749 habuisse
692 3684 854 3749 momenti
879 3685 924 3750 ad
948 3687 1171 3773 suspitionem

116 3786 285 3860 criminis,
304 3806 407 3870 quam
426 3785 470 3849 ad
486 3784 652 3849 rationem
669 3783 799 3849 salutis.

159 3906 269 3952 xvm.
295 3900 341 3948 53.
366 3883 456 3948 Mihi
487 3895 618 3948 certum
649 3895 713 3959 est,
741 3906 811 3949 non
838 3885 1049 3951 committere
1075 3885 1171 3950 utin

117 3989 184 4054 hac
203 4006 311 4053 causa
330 3996 467 4072 praetor
485 3983 584 4049 nobis
608 3983 858 4071 consiliumque
882 3995 1040 4050 mutetur.
1089 3983 1171 4050 Non
