2722 4438
110 321 195 363 xxxrv·
213 306 267 377 74]
376 305 477 372 Cotta
501 328 613 371 moves
635 307 689 372 lais
712 307 851 372 Recall.
1074 309 1136 375 161

108 509 154 597 qui
170 529 348 573 concursus
364 506 556 594 legatorum
574 528 619 571 ex
636 506 734 572 Italia
751 518 887 585 cuncta,
906 531 995 596 quae
1017 510 1137 585 virtus,

107 599 193 682 acti0,
213 607 361 694 gravitas
385 602 425 669 Ρ.
449 605 587 670 Lentuli
612 608 761 672 consulis
785 606 897 684 fuerit,
919 631 1007 695 quae
1036 610 1138 674 etiam

106 710 254 794 conlegae
279 706 352 795 ejus
377 706 564 771 moderatio
589 707 631 771 de
656 729 732 781 me3
761 707 819 793 qui
844 729 922 772 cum
945 709 1138 774 inimicitias

105 807 156 872 sibi
179 828 310 871 mecum
335 828 378 869 ex
398 805 446 870 rei
464 805 622 890 publicae
640 806 851 871 dissensione
869 821 1045 892 susceptas
1062 830 1138 873 esse

104 907 241 978 dixisset,
260 927 319 969 eas
336 928 372 970 se
390 905 542 990 patribus
560 905 760 990 conscriptis
777 906 863 970 dixit
879 918 912 971 et
928 908 1138 992 temporibus

103 1008 141 1070 rei
157 1006 310 1091 publicae
327 1005 586 1090 permissurum.
635 1022 682 1069 aa.
705 1005 797 1069 Tum
816 1006 974 1092 princeps
998 1020 1138 1093 rogatus

102 1106 288 1170 sententiam
314 1104 363 1193 L:
383 1103 483 1170 Cotta
508 1104 692 1170 dixit—id
716 1105 807 1192 quod
833 1105 1073 1193 dignissimum
1101 1128 1138 1171 re

41 1214 42 1271 3
101 1207 221 1291 publica
242 1205 359 1270 fuit-
371 1205 455 1269 nihil
478 1206 521 1270 de
541 1226 596 1270 me
614 1219 726 1270 actum
744 1226 820 1270 esse
833 1205 922 1293 jure,
942 1205 1027 1269 nibil
1045 1228 1138 1271 more

101 1307 268 1394 majorum,
286 1307 372 1371 nihil
389 1306 545 1394 legibus}
571 1328 639 1371 non
656 1328 757 1392 posse
773 1327 981 1393 quemquam
998 1306 1040 1370 de
1057 1305 1139 1369 civi·
1169 1295 1173 1302 ⁵

40 1414 42 1479 ζ
101 1419 155 1472 tate
178 1408 246 1473 tolli
273 1408 347 1473 sine
367 1407 517 1497 judici03
551 1408 594 1473 de
619 1408 728 1493 capite
753 1428 821 1473 non
847 1407 948 1473 modo
973 1405 1052 1470 ferri
1077 1405 1139 1471 sed

40 1544 41 1559 ,
101 1529 135 1571 ne
148 1508 292 1596 judicari
312 1509 451 1595 quidem
471 1530 572 1593 posse
589 1509 654 1574 nisi
671 1508 815 1573 comitiis
832 1507 1047 1580 centuriatis;
1068 1507 1138 1571 vim

40 1602 41 1605 '
101 1606 189 1673 fuisse
213 1610 323 1684 illam,
346 1608 522 1673 flammam
546 1622 728 1695 quassatae
752 1609 800 1674 rei
825 1609 984 1695 publicae
1007 1618 1138 1693 pertur-

100 1708 311 1796 batorumque
324 1719 513 1795 temporum
524 1709 600 1798 jure
610 1710 816 1799 judiciisque
829 1709 970 1775 sublatis
983 1731 991 1781 ;
1009 1729 1137 1795 magna

101 1830 198 1874 rerum
223 1809 729 1896 permutatione'impendente,
755 1810 946 1874 declinasse
972 1830 1025 1873 me
1054 1830 1138 1894 pau-

40 1914 41 1931 ³
100 1908 171 1985 lum,
196 1923 231 1976 et
259 1932 320 1995 spe
347 1910 500 1996 reliquae
527 1910 778 1996 tranquillitatis
802 1909 991 1996 praesentis
1015 1907 1137 1973 fluctus

99 2020 392 2096 tempestatemque
409 2009 560 2098 fugisse:
579 2032 647 2097 qua
665 2032 713 2082 re,
730 2031 808 2075 cum
825 2013 949 2076 absens
964 2031 1036 2074 rem
1053 2011 1139 2094 pub·

100 2108 187 2175 licam
206 2133 277 2176 non
293 2111 406 2175 minus
423 2111 559 2198 magnis
576 2110 736 2197 periculis
753 2133 855 2198 quam
879 2110 1030 2197 quodam
1054 2122 1138 2174 tem·

99 2230 169 2293 pore
192 2233 359 2298 praesens
383 2211 596 2284 liberassem,
615 2233 683 2275 non
707 2211 835 2275 restitui
858 2232 913 2275 me
935 2211 1058 2284 solum,
1077 2210 1139 2275 sed

100 2311 188 2376 etiam
206 2311 320 2377 ornari
339 2332 358 2374 a
375 2322 495 2375 senatu
512 2310 645 2374 decere.
694 2310 888 2397 Disputavit
904 2310 1006 2374 etiam
1033 2310 1138 2374 multa

40 2478 41 2483 η
98 2413 286 2494 prudenter,
305 2410 350 2474 ita
367 2410 410 2474 de
428 2431 482 2473 me
504 2409 600 2473 illum
626 2410 895 2476 amentissimum
921 2422 953 2474 et
977 2407 1140 2496 profliga-

40 2488 44 2511 '
98 2509 256 2575 tissimum
281 2511 413 2574 hostem
438 2509 577 2594 pudoris
598 2521 630 2573 et
650 2510 832 2594 pudicitiae
853 2509 1030 2595 scripsisse
1049 2530 1138 2596 quae

98 2611 292 2696 scripsisset,
319 2611 368 2674 eis
391 2609 517 2684 verbis,
543 2611 659 2684 rebus,
687 2610 874 2684 sententiis,
900 2621 949 2684 ut,
976 2609 1078 2672 etiam
1110 2608 1138 2673 si

101 2708 170 2795 jure
198 2721 289 2774 esset
315 2722 487 2796 rogatum,
514 2717 628 2772 tamen
656 2708 724 2772 vim
753 2710 880 2773 habere
908 2730 976 2772 non
1003 2719 1137 2792 posset:

97 2829 156 2893 qua
181 2831 217 2875 re
243 2832 309 2884 me,
329 2808 385 2895 qui
410 2808 504 2872 nulla
528 2809 606 2895 lege
627 2808 795 2883 abessem,
815 2830 882 2872 non
899 2806 1027 2871 restitui
1045 2808 1136 2894 lege,

98 2910 150 2974 sed
178 2909 330 2974 revocari
359 2921 498 2972 senatus
526 2906 723 2972 auctoritate
747 2920 915 2992 oportere.
963 2924 1009 2971 ar.
1035 2906 1138 2972 Hunc

96 3028 191 3074 nemo
220 3020 295 3074 erat
319 3009 401 3094 quin
429 3007 605 3072 verissime
629 3007 754 3072 sentire
779 3007 917 3072 diceret.
968 3007 1039 3074 Sed
1064 3017 1140 3094 post

97 3128 169 3172 eum
209 3121 350 3196 rogatus
382 3106 449 3172 Cn.
483 3106 679 3192 Pompeius,
713 3109 900 3193 approbata
932 3109 1139 3194 laudataque

97 3205 210 3273 Cottae
242 3207 422 3281 sententia,
448 3205 534 3271 dixit
564 3228 640 3272 sese
670 3207 716 3272 oti
745 3208 812 3272 mei
841 3229 958 3285 causa,
983 3221 1019 3274 ut
1046 3207 1139 3274 omni

97 3309 246 3392 populari
279 3306 505 3372 concitatione
537 3305 756 3394 defungerer,
782 3329 924 3375 censere
955 3321 992 3374 ut
1019 3310 1063 3374 ad
1087 3331 1139 3374 se·

97 3420 190 3472 natus
213 3406 446 3472 auctoritatem
467 3405 582 3490 populi
603 3428 738 3492 quoque
758 3407 910 3473 Romani
933 3410 1140 3476 beneficium

97 3527 175 3596 erga
193 3530 245 3573 me
262 3507 518 3595 adjungeretur.
563 3504 653 3570 Cum
666 3528 786 3572 omnes
803 3509 969 3586 certatim,
985 3510 1140 3597 aliusque

97 3607 158 3673 alio
189 3608 328 3697 gravius
360 3619 461 3691 atque
492 3605 643 3685 ornatius
671 3607 713 3671 de
742 3629 819 3672 mea
848 3610 956 3675 salute
984 3610 1138 3686 dixisset,
1237 3638 1240 3650 ·

97 3705 251 3795 fieretque
268 3707 342 3771 sine
359 3706 428 3769 ulla
446 3705 608 3787 varietate
628 3706 805 3783 discessio,
824 3709 970 3774 surrexit
997 3721 1052 3798 (ut
1075 3710 1140 3774 sci-

97 3804 151 3892 tis)
179 3807 305 3872 Atilius
331 3804 387 3869 hic
414 3804 605 3898 Gavianus,
632 3827 698 3870 nec
725 3828 828 3872 ausus
856 3819 919 3883 est,
947 3832 1024 3874 cum
1052 3821 1140 3874 esset

98 3920 236 3993 emptus,
270 3906 502 3971 intercedere:
542 3918 677 3971 noctem
709 3906 772 3971 sibi
804 3909 848 3973 ad
880 3910 1139 3974 deliberandum

99 4008 285 4089 postulavit.
335 4005 476 4071 Clamor
495 4018 654 4070 senatus:
683 4007 869 4093 querellae,
891 4028 1024 4094 preces,
1043 4029 1141 4073 socer

602 4131 628 4166 11
