2722 4438
83 254 97 265 .„
127 271 239 313 XXXVL
258 259 329 331 100·]
346 261 467 329 Cicero
489 266 603 330 makes
625 267 743 334 Milo’s
772 269 883 337 Conse
904 273 958 338 leis
981 296 1071 339 own.
1121 289 1185 361 207

80 461 229 526 omni
245 461 280 526 in
297 463 474 528 hominum
494 477 592 532 coetu
618 469 737 556 gratiis
763 472 907 559 agendis
931 485 964 539 et
989 476 1188 562 gratulatio·

79 574 90 582 '
87 556 235 625 nibus
252 562 419 628 habendis
436 577 469 629 et
484 567 577 630 omni
597 590 754 635 sermone
779 573 1007 638 celebramur
1010 576 1018 603 '
1057 576 1186 643 Omitto

45 636 291 726 '‘l‘Etruriae
314 661 379 727 sest
367 675 417 728 tos
445 677 478 729 et
501 678 595 732 actos
615 679 648 732 et
674 668 841 736 institutos
869 672 964 737 dies:
999 670 1185 742 centesima

43 738 84 802 W
125 760 192 824 lux
220 772 271 825 est
258 762 373 826 haec
390 763 467 827 ab
458 767 594 830 interitu
619 766 659 830 P
679 767 793 843 Clodi,
813 783 845 835 et
876 773 1033 861 (opinor)
1063 777 1181 841 altera.

40 840 216 983 ἵζω
232 861 350 926 fines
342 864 462 947 imperi
487 866 604 950 populi
630 866 780 931 Romani
805 882 896 946 sunt,
915 893 956 937 ea
981 896 1049 939 non
1074 878 1184 941 solum

61 959 258 1024 'Usama
246 981 318 1047 Jam
335 963 378 1026 de
395 963 467 1039 1110,
486 966 549 1029 sed
565 966 667 1029 etiam
685 967 811 1032 laetitia
827 974 1037 1082 peragravit
1065 973 1183 1060 Qum

40 1121 43 1133 ,
54 1034 76 1085 ““
124 1060 174 1125 ob
192 1080 265 1124 rem
293 1061 380 1126 ‘Ubi
398 1084 522 1148 corpus
539 1066 604 1130 hoc
621 1065 664 1130 sit
679 1068 772 1142 non,’
788 1069 910 1155 inquit,
930 1073 1082 1149 ‘laboro,
1101 1095 1185 1160 quo·

37 1144 73 1185 W
126 1160 225 1223 niam
253 1161 447 1226 omnibus
439 1184 474 1226 m
501 1164 664 1230 terrist
630 1177 664 1230 et
688 1167 766 1255 jam
799 1183 953 1234 versatur
984 1183 1018 1236 et
1048 1194 1184 1258 semper

35 1245 74 1307 ΠΨ
125 1260 298 1324 habitabit
329 1262 477 1328 nominis
509 1265 576 1328 mei
609 1266 746 1352 gloria?

34 1325 71 1389 bis*
173 1379 306 1424 xxxvn
331 1378 379 1425 99.
404 1362 543 1427 Haect
530 1374 566 1428 tu
595 1386 730 1430 mecum
759 1389 863 1453 saepe
889 1370 943 1436 his
972 1373 1182 1447 absentibus,

31 1440 72 1551 ω’·
126 1460 192 1524 sed
216 1460 326 1525 isdem
351 1463 566 1528 audientibus
591 1465 678 1531 haec
703 1488 769 1555 ego
800 1480 926 1546 tecum,
970 1470 1078 1538 ΜίΙο.
1106 1471 1183 1537 ‘Te

30 1549 49 1590 u
125 1560 283 1645 quidem,
302 1583 379 1625 curn
398 1562 461 1627 isto
478 1564 594 1629 animo
612 1587 661 1641 es,
680 1568 760 1633 satis
777 1570 919 1635 laudare
936 1593 1004 1635 non
1021 1593 1182 1656 possum3

28 1652 48 1741 ⁰⁶.
127 1660 205 1731 sed,
224 1680 292 1745 quo
317 1674 368 1726 est
392 1662 456 1726 ista
481 1665 593 1751 magis
618 1667 733 1732 divina
757 1669 876 1745 virtus,
894 1691 935 1735 eo
952 1672 1080 1758 majore
1107 1692 1127 1736 a
1150 1687 1183 1737 te

35 1752 49 1794 ³*
127 1759 248 1823 dolore
279 1761 435 1828 divellor.
484 1762 563 1829 Nec
589 1787 684 1840 veru,
714 1767 742 1832 si
769 1769 851 1832 mihi
878 1770 1032 1853 eriperis,
1051 1771 1182 1858 reliqua

40 1857 46 1894 r
127 1871 180 1925 est
197 1860 256 1924 illa
281 1873 395 1927 tamen
422 1864 467 1929 ad
493 1867 740 1931 consolandum
765 1871 931 1953 querella,
949 1881 986 1934 ut
1009 1871 1058 1935 eis
1080 1871 1182 1937 irasci

23 1957 50 2018 ll·
126 1960 272 2045 possim,
292 1965 451 2049 aquibus
475 1976 606 2030 tantum
622 1968 745 2032 volnus
765 1989 943 2053 accepero.
990 1969 1073 2035 Non
1089 1972 1181 2035 enim

21 2060 47 2101 ⁰²³³
126 2060 259 2126 inimici
277 2064 344 2127 mei
360 2076 393 2128 te
411 2066 494 2129 mihi
511 2067 667 2150 eripient,
683 2069 743 2133 sed
761 2069 979 2144 amicissimi3
1005 2092 1073 2134 nou
1091 2073 1182 2137 male

19 2162 44 2205 ³³³
127 2161 316 2248 aliquando
333 2166 377 2229 de
394 2187 449 2231 me
466 2167 588 2242 meriti,
606 2169 668 2233 sed
685 2189 821 2253 semper
836 2169 987 2253 optime.'
1033 2170 1180 2236 Nullum

125 2284 307 2350 umquam,
337 2266 485 2354 judices,
519 2268 602 2330 mihi
634 2279 764 2333 tantum
796 2269 948 2340 dolorem
980 2270 1182 2336 inuretis-

21 2368 26 2395 ”
126 2366 190 2431 etsi
219 2366 295 2452 quis
323 2378 434 2452 potest
461 2389 536 2433 esse
560 2365 822 2436 tantusi—sed
849 2391 894 2435 ne
920 2371 1013 2437 hunc
1040 2372 1180 2457 quidem

124 2467 253 2552 ipsum,
270 2479 306 2532 ut
315 2468 499 2533 obliviscar
514 2469 632 2554 quanti
649 2489 703 2533 me
721 2490 856 2554 semper
872 2469 1031 2537 feceritis.
1076 2469 1179 2555 Quae

19 2576 20 2579 ’
119 2569 153 2632 ἐἰ
172 2589 233 2633 vos
250 2568 340 2654 cepit
356 2569 495 2644 oblivio,
512 2579 570 2631 aut
585 2567 613 2631 si
629 2568 664 2631 in
682 2590 736 2633 me
754 2569 881 2654 aliquid
897 2569 1100 2646 offendistiS,
1119 2593 1188 2636 curs

119 2683 194 2733 'non
215 2669 250 2734 id
268 2690 344 2735 meo
362 2670 472 2754 capite
491 2668 601 2753 potius
618 2667 721 2731 luitur
737 2689 839 2752 quarn
862 2667 1026 2733 Milonis?
1074 2669 1179 2736 Prae·

123 2770 218 2834 clare
240 2771 331 2834 enim
354 2771 486 2845 vixero,
511 2769 539 2833 si
563 2767 646 2854 quid
670 2767 753 2830 mihi
776 2767 938 2832 acciderit
959 2768 1052 2852 prius
1074 2791 1178 2856 quam

122 2869 190 2934 hoc
206 2881 336 2935 tanturn
354 2871 435 2935 mali
452 2870 581 2934 videro.
626 2881 689 2929 199.
712 2866 818 2932 Nunc
834 2889 889 2932 me
905 2890 974 2932 una
990 2870 1177 2936 consolatio

122 2981 302 3045 sustentat,
320 2972 413 3057 quod
440 2971 512 3044 tibi,
542 2969 587 3032 T.
616 2966 724 3044 Anni,
743 2967 874 3030 nullum
903 2987 924 3031 a
952 2989 1007 3033 me
1036 2969 1174 3046 amoris,

122 3071 255 3132 nullum
284 3071 386 3145 studi,
410 3072 542 3135 nullum
571 3067 706 3154 pietatis
739 3066 889 3132 officium
921 3067 1038 3132 desuit.
1098 3068 1176 3156 Ego

120 3167 316 3234 inimicitias
329 3171 516 3255 potentium
534 3192 594 3255 pro
611 3181 643 3235 te
661 3168 831 3254 appetivi3
856 3189 923 3254 ego
940 3189 1054 3232 meum
1070 3189 1175 3253 saepe

122 3289 246 3354 corpus
280 3282 314 3335 et
349 3272 454 3334 vitam
491 3270 601 3357 objeci
635 3270 740 3334 armis
771 3267 987 3333 inimicorum
1018 3278 1173 3342 tuorum3

121 3389 188 3455 ego
210 3391 266 3433 me
292 3370 447 3454 plurimis
466 3391 528 3455 pro
549 3381 582 3435 te
610 3371 800 3454 supplicem
827 3367 957 3455 abjeci3
985 3368 1088 3444 bona,
1107 3368 1175 3433 for·

93 3480 95 3485 '
119 3480 220 3535 tonas
250 3491 344 3535 meas
371 3491 412 3534 ac
440 3469 624 3534 liberorum
652 3491 805 3533 meorum
832 3468 867 3531 in
896 3468 1173 3533 communionem

118 3579 255 3634 tuorum
282 3581 475 3654 temporum
503 3569 651 3634 contuli:
688 3570 754 3632 hoc
780 3567 928 3653 denique
944 3568 1031 3653 ‘ipso
1057 3569 1126 3643 die,
1144 3569 1171 3633 si

118 3689 209 3753 quae
236 3668 288 3733 vis
313 3681 364 3734 est
387 3679 519 3752 parata,
539 3668 566 3732 si
591 3687 679 3752 quae
703 3666 876 3732 dimicatio
900 3667 1020 3751 capitis
1045 3668 1169 3740 sutura,

119 3769 282 3853 deposco.
326 3768 420 3850 Quid
441 3768 514 3857 jam
530 3765 656 3832 restat?
697 3766 792 3850 Quid
810 3767 920 3831 habeo
937 3769 1028 3854 quod
1046 3767 1171 3831 faciam

119 3889 181 3952 pro
197 3869 263 3932 tuis
278 3868 314 3931 in
333 3890 387 3932 me
404 3867 545 3942 meritis,
559 3866 624 3931 nisi
641 3876 677 3929 ut
693 3887 770 3930 eam
787 3865 971 3943 fortunam,
986 3886 1172 3953 quaecum·

119 3988 185 4056 que
202 3967 265 4035 erit
281 3979 352 4046 tua,
371 3968 496 4034 ducam
513 3965 649 4032 meam?
682 3965 763 4032 Non
787 3986 922 4042 recuso,
941 3987 1010 4031 non
1034 3966 1170 4041 abnu03

58 1480 62 1493 ν’

51 1549 56 1557 ι

50 1580 55 1590 r

54 1662 60 1669 a

54 1682 59 1689 ι

51 1778 59 1790 Ι

51 1862 58 1873 1

52 1884 58 1893 ι

47 1652 53 1669 l'

46 1678 53 1691 u

46 1880 50 1893 9
