2760 4448
203 257 248 344 56
481 257 740 347 Impeaeltment
763 259 811 346 of
836 256 975 324 Verres.
1075 253 1185 323 [Vm
1201 256 1251 308 Vl·

154 499 157 505 ,
203 459 315 526 Gavio
338 469 410 547 tum
434 450 539 524 fueris
558 458 713 533 infestus,
733 480 858 524 acuon
875 457 1023 534 nomini,
1042 456 1173 544 generi,
1187 456 1252 544 juri

204 560 330 624 civium
354 560 472 625 hostis.
521 558 603 624 Non
623 559 671 622 illi
692 558 868 645 (inquam)
889 557 1037 632 homini,
1056 558 1117 621 sed
1129 577 1252 620 causae

203 659 378 725 communi
394 658 571 732 libertatis,
586 658 745 722 inimicus
761 657 864 722 suisti.
916 656 1015 741 Quid
1032 657 1124 720 enim
1138 656 1254 719 attinu-

202 759 239 834 it,
266 780 345 822 cum
369 757 581 832 Mamertini,
605 779 699 822 more
723 767 824 842 atque
848 756 1003 821 instituto
1027 777 1103 829 suo,
1122 776 1254 818 crucem

203 859 358 922 fixissent
373 868 450 943 post
468 858 601 932 urbem,
619 856 654 920 in
678 856 734 920 via
758 856 944 940 Pompeia,
959 867 992 919 te
1013 854 1135 944 jubere
1158 854 1193 917 in
1216 874 1255 917 ea

203 969 299 1043 parte
315 959 435 1045 figere,
454 978 543 1043 quae
561 957 605 1020 ad
622 955 744 1020 fretum
762 967 932 1041 spectaret
943 978 953 1030 ;
984 966 1018 1020 et
1042 956 1110 1019 hoc
1132 954 1255 1018 addere

202 1057 347 1143 -quod
361 1078 490 1144 negare
502 1055 597 1120 nullo
609 1056 710 1121 modo
722 1066 830 1140 poteS,
842 1057 934 1141 quod
944 1056 1109 1121 omuibus
1120 1053 1256 1117 audien-

203 1156 292 1220 tibus
304 1155 419 1220 dixisti
432 1155 547 1239 palam
557 1192 603 1214 -÷
612 1165 643 1219 te
656 1154 785 1219 idcirco
797 1155 894 1218 illum
910 1156 1028 1220 locum
1046 1154 1212 1241 deligere,
1222 1162 1257 1216 ut

203 1254 273 1329 ille,
289 1253 451 1340 quoniam
464 1275 501 1319 se
515 1254 626 1319 civem
640 1254 839 1319 Romanum
852 1276 928 1319 esse
942 1255 1088 1330 diceret,
1103 1275 1148 1318 ex
1161 1240 1257 1318 cruce
1317 1272 1318 1277 ¹

204 1353 339 1417 Italiam
363 1374 503 1419 cernere
531 1375 573 1418 ac
600 1355 741 1419 domum
770 1375 867 1418 suam
896 1355 1098 1440 prospicere
1127 1350 1258 1439 posset?

204 1453 323 1540 Itaque
335 1453 394 1519 illa
409 1475 493 1519 crux
506 1455 592 1530 sola,
603 1453 751 1541 judiceS,
766 1465 842 1538 post
853 1440 1030 1519 conditam
1043 1453 1255 1524 Messanam,

203 1554 262 1620 illo
279 1554 314 1617 in
330 1555 405 1618 loco
422 1554 492 1616 fixa
509 1564 571 1617 est.
613 1552 732 1617 Italiae
749 1565 950 1638 conspectus
968 1555 1015 1619 ad
1032 1575 1112 1618 eam
1129 1574 1201 1617 rem
1218 1551 1258 1614 ab

203 1654 268 1719 isto
284 1655 436 1718 delectus
453 1664 516 1729 est,
530 1664 567 1717 ut
582 1652 654 1727 ille,
668 1652 703 1716 in
720 1653 838 1718 dolore
855 1653 1080 1740 cruciatuque
1098 1652 1257 1724 moriens,

204 1764 413 1841 perangusto
437 1753 525 1818 fretu
548 1752 658 1817 divisa
683 1752 851 1817 servitutis
872 1773 913 1816 ac
929 1753 1098 1818 libertatis
1111 1753 1190 1839 jura
1208 1771 1260 1814 co-

204 1863 405 1939 gnosceret3
436 1852 535 1916 Italia
555 1864 668 1916 autem
694 1852 871 1915 alumnum
891 1874 990 1916 suum
1013 1852 1187 1917 servitutis
1204 1871 1260 1914 ex-

204 1964 312 2016 tremo
336 1973 539 2036 summoque
564 1950 732 2035 supplicio
756 1951 909 2015 adfixum
932 1952 1078 2017 videret.
1254 1954 1259 1961 '

248 2066 290 2112 14.
313 2050 464 2114 Facinus
496 2060 547 2114 est
576 2049 706 2114 vincire
738 2050 849 2114 civem
882 2051 1108 2127 Romanum3
1150 2050 1270 2121 scelus·

204 2152 406 2223 verberare3
437 2171 543 2233 prope
560 2148 781 2234 parricidium
798 2171 944 2215 necare:
977 2153 1064 2238 quid
1089 2152 1202 2217 dicam
1227 2148 1260 2211 in

205 2272 342 2316 crucem
366 2247 507 2314 tollere?
539 2249 643 2312 verbo
668 2248 750 2312 satis
767 2250 874 2336 digno
890 2262 960 2315 tam
977 2253 1111 2316 nefaria
1129 2272 1185 2316 res
1203 2269 1260 2332 ap·

204 2350 325 2437 pellari
342 2350 437 2413 nullo
455 2349 557 2422 modo
573 2359 694 2433 potest.
744 2347 824 2413 Non
849 2350 911 2414 fuit
935 2352 988 2415 his
1012 2352 1175 2416 omnibus
1198 2348 1260 2413 iste
1297 2395 1302 2401 „

204 2461 393 2516 contentus.
444 2445 583 2534 Spectet
599 2446 743 2534 (inquit)
753 2451 935 2536 petralem:
961 2452 997 2514 in
1014 2458 1199 2538 conspectu
1215 2447 1261 2511 le·

199 2571 286 2637 grem
299 2549 538 2633 libertatisque
550 2549 736 2611 moriatur.
774 2547 855 2613 Non
869 2561 904 2612 tu
921 2551 986 2614 hoc
1003 2552 1080 2617 loco
1094 2550 1257 2620 Gavium,

204 2672 271 2715 non
289 2670 396 2713 unum
413 2648 588 2712 bominem
605 2647 852 2732 nescioquem,
875 2647 1003 2736 [civem
1021 2646 1254 2733 Romanum]

204 2749 265 2815 sed
289 2768 507 2814 communem
532 2747 696 2812 libertatis
720 2757 753 2811 et
776 2748 922 2839 civitatis
943 2771 1084 2816 causam
1106 2754 1141 2817 in
1162 2751 1258 2815 illum

204 2851 391 2915 cruciatum
408 2859 441 2912 et
457 2868 595 2912 crucem
613 2847 724 2934 egisti.
772 2847 851 2933 Jam
868 2870 949 2914 vero
971 2852 1083 2916 videte
1110 2849 1258 2917 hominis

204 2951 397 3015 audaciam.
458 2947 585 3012 Nonne
609 2969 688 3011 eum
713 2948 864 3035 graviter
888 2948 1004 3014 tulisse
1029 2949 1254 3021 arbitramini,

203 3051 294 3136 quod
312 3051 406 3113 illam
423 3047 555 3112 civibus
572 3046 741 3112 Romanis
758 3068 894 3112 crucem
909 3070 977 3113 non
991 3064 1105 3135 posset
1121 3052 1156 3116 in
1170 3051 1255 3122 foro,

203 3171 271 3213 non
293 3148 327 3211 in
351 3147 500 3221 comiti0,
523 3168 592 3214 non
616 3145 651 3208 in
676 3146 791 3210 rostris
815 3147 989 3233 defigere?
1036 3149 1140 3233 Qud
1166 3150 1257 3213 enim

204 3248 257 3311 his
273 3246 369 3320 locis,
388 3245 423 3308 in
445 3244 622 3330 provincia
646 3266 722 3320 sua,
741 3246 937 3311 celebritate
960 3248 1186 3325 simillimum,
1204 3268 1257 3312 re·

203 3347 306 3434 gione
323 3344 516 3428 proximum
534 3344 652 3427 potuit,
671 3344 787 3432 elegit.
836 3344 1099 3411 Monumentum
1116 3346 1255 3414 sceleris

204 3444 438 3528 audaciaeque
455 3462 539 3505 suae
555 3442 661 3507 voluit
677 3464 753 3508 esse
769 3443 805 3507 in
822 3457 1006 3529 conspectu
1028 3445 1162 3524 Italiae,
1180 3467 1256 3512 ves-

203 3544 309 3610 tibulo
326 3541 480 3615 Siciliae,
498 3542 789 3626 praetervectione
804 3543 958 3608 omnium
974 3544 1032 3633 qui
1049 3547 1137 3613 ultro
1157 3546 1254 3614 citro-

204 3665 269 3732 que
286 3642 502 3730 navigarent.
