2722 4438
229 279 395 462 25³³
563 236 652 344 Plda
663 278 736 366 for
758 276 943 364 Ligarius.
1151 273 1249 342 [Luto.

207 514 212 521 ·
227 480 373 557 obtines,
384 516 430 527 —
446 478 609 565 intellego
634 476 715 564 quid
738 476 872 562 loquar,
886 513 932 525 —
948 474 1161 542 acerbissimo
1177 476 1252 540 luctu

228 580 436 647 redundaret
452 578 515 642 ista
532 578 701 642 victoria..
737 574 855 660 Quam
872 575 968 640 multi
993 576 1081 640 enim
1106 586 1208 640 essent
1221 576 1253 640 de

228 680 411 746 victoribus
436 676 494 764 qui
514 687 547 741 te
565 676 740 741 crudelem
758 696 833 740 esse
849 674 989 750 vellent,
1008 696 1085 739 cum
1109 674 1202 738 etiam
1222 674 1254 737 de
1338 686 1339 709 l

227 781 325 846 victis
349 773 584 865 reperianturl
617 795 722 861 quam
739 773 835 838 multi
851 774 924 860 qui,
943 795 1021 838 cum
1046 794 1066 838 a
1089 785 1121 838 te
1143 772 1256 860 ignosci
1338 782 1339 801 ³

228 879 357 945 nemini
395 878 534 951 vellent,
568 873 773 959 impedirent
812 873 1028 938 clementiam
1064 883 1167 947 tuam,
1194 893 1257 935 curn

229 981 330 1045 etiam
348 977 396 1051 hi,
415 977 537 1064 quibus
555 974 629 1059 ipse
657 972 830 1060 ignovisti,
849 972 957 1037 nolint
979 984 1012 1037 te
1036 993 1112 1038 esse
1134 971 1167 1034 in
1189 970 1258 1047 alios

229 1077 495 1143 misericordem.
536 1092 579 1139 lo·
612 1071 716 1157 Quod
734 1071 762 1136 si
779 1071 924 1157 probare
941 1069 1086 1136 Caesari
1102 1091 1259 1156 possemus
1338 1072 1339 1131 l

228 1178 264 1241 in
283 1175 403 1241 Africa
427 1175 607 1263 Ligarium
631 1172 771 1239 omnino
790 1191 860 1235 non
887 1159 1055 1263 fuisse,[si
1083 1171 1213 1234 honesto
1235 1180 1260 1233 et

229 1276 439 1341 misericordi
463 1273 642 1339 mendacio
659 1271 758 1339 saluti
776 1269 842 1336 civi
861 1269 1062 1335 calamitoso
1079 1290 1152 1334 esse
1174 1269 1261 1333 velle·

229 1362 324 1475 mus)
335 1387 451 1440 tamen
468 1374 616 1457 hominis
636 1348 831 1449 ndii'e‘s'set,
851 1370 886 1435 in
912 1380 1006 1434 tanto
1055 1368 1217 1435 rscrimine
1236 1379 1261 1432 et

228 1476 381 1561 periculo
397 1474 494 1549 civiS,
512 1474 667 1539 refellere
685 1483 718 1538 et
732 1473 943 1561 redarguere
963 1479 1117 1535 nostrum
1141 1469 1260 1532 menda-

229 1577 340 1650 cium;
366 1586 411 1651 et,
429 1574 457 1640 si
479 1584 569 1639 esset
584 1573 740 1661 alicujus,
759 1573 833 1660 ejus
850 1582 941 1637 certe
958 1592 1028 1636 non
1045 1579 1147 1643 esset,
1164 1567 1215 1654 qui
1234 1567 1260 1631 in

229 1676 352 1740 eadem
376 1695 480 1740 causa
498 1684 531 1739 et
547 1674 681 1739 fortuna
696 1673 826 1738 suisset.
878 1671 949 1738 Sed
974 1670 1092 1736 tamen
1116 1669 1203 1734 aliud
1223 1679 1261 1732 est
1338 1684 1339 1711 ³

229 1795 343 1840 errare
375 1773 561 1840 Caesarem
589 1773 693 1848 nolle,
722 1772 815 1838 aliud
842 1773 935 1838 nolle
964 1770 1132 1837 misereri.
1178 1769 1261 1834 Tunc

229 1875 373 1949 diceres,
403 1871 566 1948 ‘Caesam
597 1892 682 1937 cave
713 1872 854 1956 credas:
886 1871 949 1937 suit
981 1871 1016 1936 in
1047 1870 1180 1946 Africa,
1203 1867 1262 1933 tulit

230 1994 325 2037 arma
349 1983 466 2037 contra
481 1972 539 2037 te.'
584 1963 911 2059 Nuncqffid'drcis?
957 1971 1077 2038 ‘Cave
1097 1967 1262 2061 ignoscas?
1338 1988 1339 1997 ¹

230 2072 329 2136 Haec
353 2092 418 2136 nec
442 2071 589 2137 hominis
607 2093 672 2137 nec
688 2072 733 2136 ad
749 2071 923 2137 hominem
940 2094 1009 2137 vox
1025 2083 1100 2138 est:
1132 2091 1197 2159 qua
1216 2067 1262 2155 qui

230 2171 322 2256 apud
338 2181 386 2245 te,
398 2169 438 2236 C.
455 2170 599 2247 Caesar,
617 2172 731 2247 utitur,
750 2192 847 2237 suam
864 2164 962 2239 citius
979 2173 1107 2240 abiciet
1125 2168 1262 2239 humani·

218 2282 332 2413 ἕψω
349 2291 453 2357 quam
470 2272 683 2358 extorquebit
698 2282 805 2336 tuam.

220 2408 252 2465 ᾗ..
274 2391 322 2435 vr.
347 2388 387 2435 u.
418 2368 474 2436 Ac
505 2370 634 2456 primus
666 2370 777 2436 aditus
809 2381 842 2437 et
872 2373 1055 2457 postulatio
1088 2368 1263 2440 Tuberonis

230 2471 329 2547 haec,
347 2481 384 2536 ut
410 2470 542 2555 opinor,
566 2470 649 2563 fuit:
682 2471 771 2536 velle
797 2493 834 2536 se
862 2472 905 2538 de
927 2471 981 2557 Q.
1000 2474 1124 2563 Ligari
1152 2474 1263 2539 scelere
1338 2546 1339 2555 ἵ

229 2570 356 2636 dicere.
405 2568 487 2659 Non
510 2570 627 2636 dubito
650 2570 732 2658 quin
758 2571 1023 2661 admiratus'sis,
1041 2575 1098 2640 vel
1123 2574 1210 2662 quod
1229 2571 1263 2635 de

229 2670 323 2735 nullo
340 2670 406 2735 alio
427 2669 659 2757 [quisquam],
678 2671 732 2736 vel
749 2671 842 2758 quod
859 2672 887 2737 is
903 2665 1017 2760 quilii
1031 2677 1154 2740 eadem
1176 2688 1264 2738 causa

228 2771 359 2848 suisset,
373 2771 428 2835 vel
440 2770 604 2857 quidnam
621 2770 700 2836 novi
718 2770 893 2860 [sceleris]
912 2758 1093 2871 agl-ferre&
1108 2773 1224 2840 Scelus
1237 2780 1264 2832 tu

229 2870 312 2936 illud
325 2890 441 2945 vocas,
456 2868 618 2935 Tubero?
642 2869 736 2936 Cur?
760 2871 824 2936 isto
837 2873 929 2937 enim
938 2868 1081 2938 iidn'rine
1095 2873 1154 2938 illa
1168 2872 1265 2936 adhuc
1338 2902 1339 2951 1

229 2988 333 3036 causa
362 2969 478 3035 caruit.
526 2967 598 3034 Alii
627 2991 776 3036 errorem
802 2974 989 3057 appellant,
1019 2973 1077 3037 alii
1102 2973 1264 3040 timerent
1338 2954 1339 3025 l

229 3070 286 3156 qui
318 3069 448 3142 durius,
470 3089 580 3155 spem,
611 3071 844 3155 cupiditatem,
875 3072 1005 3147 odium,
1034 3071 1264 3158 pertinaciamt

228 3169 286 3255 qui
310 3167 525 3257 gravissime,
543 3171 789 3235 temeritatem:
814 3171 927 3256 scelus
952 3183 1088 3257 praeter
1108 3183 1142 3237 te
1167 3169 1266 3235 adhuc

229 3291 343 3334 nemo.
387 3266 442 3333 Ac
460 3268 542 3333 mihi
558 3269 711 3355 quidem,
731 3269 759 3335 si
776 3270 951 3357 proprium
969 3282 1002 3336 et
1017 3292 1137 3336 verum
1155 3285 1265 3335 nomen

229 3367 333 3445 nostri
351 3368 431 3432 mali
455 3369 642 3455 quaeritur,
662 3369 774 3434 fatalis
798 3368 969 3455 quaedam
994 3371 1173 3435 calamitas
1195 3364 1267 3432 inci·

199 3462 319 3530 ‘disse
335 3468 480 3545 videtur,
500 3480 532 3534 et
555 3469 764 3554 improvidas
787 3468 963 3557 hominum
987 3471 1109 3534 mentis
1132 3483 1266 3550 occupa·

228 3565 330 3641 visse,
349 3576 386 3630 ut
409 3589 510 3633 nemo
535 3567 650 3632 mirari
676 3568 798 3632 debeat
821 3568 973 3632 humana
997 3570 1139 3634 consilia
1164 3566 1266 3632 divina

229 3664 430 3730 necessitate
458 3688 534 3732 esse
566 3679 736 3753 superata.¹
784 3684 824 3732 rs.
856 3667 977 3733 Liceat
1008 3688 1083 3732 esse
1114 3666 1265 3749 miseros:

228 3787 437 3853 quamquam
455 3768 520 3830 hoc
536 3767 664 3832 victore
681 3788 756 3832 esse
779 3789 847 3832 non
872 3788 1066 3853 possumus.
1096 3845 1098 3855 y
1114 3765 1185 3831 Sed
1207 3780 1265 3826 non

228 3865 349 3951 loquor
372 3865 414 3929 de
432 3864 551 3928 nobis:
577 3866 619 3929 de
636 3865 703 3930 illis
720 3867 840 3951 loquor
856 3867 913 3952 qui
930 3866 1138 3932 occiderunt.
1187 3860 1296 3926 Fue·

228 3963 296 4026 rint
327 3961 455 4047 cupidi,
481 3961 606 4026 suerint
629 3963 717 4038 irati,
743 3964 868 4029 fuerint
893 3966 1105 4051 pertinaces:
1137 3957 1265 4029 sceleris
