2722 4438
192 273 233 313 xr.
254 260 311 330 33.]
386 259 482 326 How
506 260 561 325 the
591 259 678 327 Caso
700 261 825 326 should
845 262 885 327 be
898 262 1051 348 judged.
1178 280 1240 345 231

110 490 114 493 ⁷
192 459 410 526 clementiam
441 470 536 525 tuam
568 460 742 547 confugio,
777 459 889 526 delicti
921 460 1058 525 veniam
1091 470 1182 546 peto,
1208 473 1246 527 ut

192 560 392 647 ignqsgatur
414 560 499 624 oro.’
546 559 584 625 Si
609 581 711 625 nemo
734 560 939 645 impetravit,
964 561 1191 647 adroganter:
1216 563 1244 627 si

120 718 123 723 ⁴
192 659 344 746 plurimi,
363 669 399 722 tu
421 659 513 724 idem
536 659 587 724 ser
610 680 725 744 opem,
744 660 801 745 qui
819 681 916 744 spem
933 660 1067 724 dedisti.
1116 678 1157 725 al.
1186 659 1244 725 An

193 758 354 844 sperandi
371 758 514 845 Ligario
527 779 633 823 causa
650 781 718 824 non
732 760 785 832 sit,
802 780 880 823 cum
898 758 981 822 mihi
997 761 1088 844 apud
1105 772 1137 826 te
1150 762 1245 827 locus

194 860 235 923 sit
259 858 361 922 etiam
385 879 447 942 pro
470 859 577 922 altero
601 855 833 941 deprecandi?
881 854 1102 945 Quamquam
1124 860 1245 925 necin

195 958 262 1023 hac
288 958 441 1048 oratione
470 978 549 1042 spes
575 967 627 1022 est
654 957 764 1041 posita
796 977 935 1033 causae,
966 979 1031 1023 nec
1060 959 1095 1023 in
1127 982 1244 1025 eorum

170 1057 314 1143 ‚studiis
345 1055 403 1143 qui
432 1076 452 1120 a
480 1067 512 1121 te
543 1078 606 1142 pro
634 1055 778 1143 Ligario
810 1067 941 1141 petunt,
970 1058 1017 1123 tui
1049 1059 1245 1124 necessarii.

239 1203 247 1219 .
272 1156 355 1221 Vidi
372 1156 463 1220 enim
480 1167 513 1221 et
529 1155 676 1243 cognovi
692 1155 774 1242 quid
792 1156 943 1222 maxime
963 1168 1147 1243 spectares„
1167 1180 1246 1223 cum
1263 1182 1268 1192 ·

195 1277 258 1341 pro
282 1256 424 1343 alicujus
451 1257 560 1321 salute
586 1255 682 1320 multi
710 1257 925 1323 laborarent:
951 1279 1073 1323 causas
1098 1259 1191 1343 apud
1214 1269 1246 1322 te
1339 1328 1344 1337 ,

135 1434 145 1445 ἱ
194 1355 390 1443 rogantium
423 1355 642 1443 gratiosiores
674 1377 749 1422 esse
781 1378 885 1444 quam
908 1357 1039 1431 voltus3
1072 1379 1183 1445 neque
1214 1368 1247 1421 te

196 1466 352 1541 spectare
371 1476 474 1542 quam
492 1466 570 1521 tuus
587 1467 678 1522 esset
692 1458 907 1522 necessarius
931 1457 960 1522 is
983 1457 1041 1544 qui
1065 1468 1098 1523 te
1121 1464 1245 1550 Qr

197 1558 257 1621 sed
280 1554 384 1643 quam
407 1555 509 1631 illius,
528 1577 591 1642 pro
616 1549 684 1643 quo
701 1558 882 1643 labqraret.
932 1558 1051 1644 Itaque
1072 1553 1252 1623 tribms‘ffi

166 1648 171 1654 ’
196 1657 336 1743 quidem
359 1656 426 1722 tuis
449 1657 496 1721 ita
520 1658 640 1733 multa,
658 1669 695 1723 ut
711 1650 979 1723 mbr-beatiores
1003 1657 1050 1722 illi
1068 1658 1249 1723 videantur

196 1757 367 1822 interdum
387 1757 445 1844 qui
470 1771 528 1824 tua
554 1758 754 1824 liberalitate
782 1759 949 1831 fruuntur,
968 1779 1072 1844 quam
1097 1768 1133 1822 tu
1159 1757 1246 1843 ipse,

196 1857 255 1944 qui
271 1856 338 1922 illis
354 1869 424 1922 tam
441 1860 546 1924 multa
563 1859 746 1924 concedas.
795 1857 867 1924 Sed
890 1857 990 1922 video
1014 1869 1129 1922 tamen
1155 1857 1246 1942 apud

195 1968 229 2022 te
247 1978 383 2034 causas,
401 1971 438 2024 ut
454 1960 539 2035 dixi,
558 1959 673 2024 valere
690 1960 885 2044 plusquam
904 1977 1044 2043 preces3
1070 1958 1114 2022 ab
1131 1956 1248 2044 eisque

195 2068 230 2124 te
255 2060 384 2124 moveri
408 2060 573 2135 maxime,
592 2080 736 2146 quorum
761 2057 987 2157 justissimum
1012 2056 1129 2121 videas
1153 2057 1248 2122 dolo-

196 2181 270 2225 rem
295 2160 329 2224 in
353 2160 513 2246 petendo.

242 2278 289 2326 aa.
313 2262 354 2326 In
386 2259 440 2345 Q.
464 2259 607 2348 Ligario
639 2257 874 2324 conservando
906 2256 1020 2322 multis
1046 2266 1081 2338 tu
1108 2256 1246 2343 quidem

196 2376 333 2453 gratum
356 2360 461 2426 facies
485 2357 687 2424 necessariis
714 2358 793 2433 tuis,
812 2357 873 2423 sed
897 2357 976 2433 hoc,
1003 2377 1144 2444 quaeso,
1168 2378 1249 2421 con·

196 2465 323 2539 sidera,
342 2462 434 2549 quod
451 2461 553 2526 soles.
587 2458 732 2523 Possum
749 2456 948 2523 fortissimos
965 2455 1068 2530 viros,
1084 2454 1245 2531 SabinoS,

195 2565 256 2630 tibi
280 2561 548 2650 probatissimos,
572 2568 747 2644 totumque
772 2577 895 2644 agrum
919 2555 1101 2629 Sabinum,
1128 2554 1247 2620 florem

196 2664 317 2729 Italiae
343 2684 382 2728 ac
407 2662 510 2727 robur
534 2660 583 2725 rei
605 2657 777 2742 publicae,
795 2674 997 2740 proponere.
1046 2653 1145 2718 Nosti
1162 2654 1247 2738 opti·

195 2785 271 2828 mos
293 2762 462 2827 homines.
512 2757 760 2824 Animadverte
786 2754 907 2819 horum
934 2752 1085 2817 omnium
1111 2752 1246 2818 maesti-

195 2865 279 2929 tiam
296 2875 329 2928 et
344 2863 519 2928 dolorem:
544 2859 645 2947 hujus
658 2856 703 2920 T.
719 2853 866 2919 Brocchi
887 2853 948 2940 (de
964 2874 1032 2939 quo
1045 2873 1113 2917 non
1130 2852 1246 2917 dubito

195 2965 277 3051 quid
302 2961 494 3046 existimes)
523 2960 697 3032 lacrimas,
720 2955 983 3042 squaloremque
1005 2952 1118 3036 *ipsius
1142 2961 1175 3015 et
1198 2952 1246 3016 fili

194 3065 323 3143 videar
352 3080 399 3128 33.
423 3061 519 3147 Quid
547 3062 589 3125 de
615 3057 775 3123 fratribus
800 3050 937 3119 dic‘am?
982 3050 1078 3126 Noli,
1100 3049 1243 3129 Caesar,

195 3146 316 3249 putare
329 3164 372 3228 de
388 3161 489 3226 unius
506 3160 617 3245 capite
633 3181 696 3224 nos
714 3177 831 3244 agere.
869 3150 940 3217 Aut
955 3161 1023 3216 tres
1040 3150 1098 3214 tibi
1115 3150 1245 3234 Ligarii

194 3262 363 3328 retinendi
380 3262 414 3325 in
432 3260 566 3326 civitate
577 3267 668 3333 sunt,
687 3269 746 3322 aut
769 3268 837 3320 tres
861 3274 906 3319 ex
930 3251 1063 3316 civitate
1088 3248 1246 3314 extermi-

195 3362 323 3427 nandi:
352 3359 469 3448 [nam]
497 3357 641 3446 quodvis
657 3356 815 3422 exsilium
842 3354 894 3418 his
912 3361 963 3416 est
978 3349 1124 3435 optatius
1142 3370 1246 3435 quam

195 3462 320 3547 patria,
338 3482 440 3548 quam
459 3460 593 3533 domus,
611 3477 714 3542 quam
740 3455 774 3520 di
798 3465 953 3539 penates,
972 3473 1041 3516 uno
1064 3450 1123 3514 illo
1147 3470 1247 3513 exsu-

195 3562 300 3626 lante.
362 3560 400 3626 Si
433 3561 593 3633 fraterne,
623 3556 651 3620 si
683 3555 753 3640 pie,
783 3554 812 3618 si
844 3573 921 3617 cum
956 3553 1073 3617 dolore
1106 3548 1244 3623 faciunt,

197 3671 356 3725 moveant
386 3669 419 3724 te
447 3660 569 3723 horum
597 3654 785 3745 lacrimae,⁴
805 3663 940 3718 moveat
968 3653 1090 3738 pietas,
1115 3658 1249 3713 moveat

197 3760 428 3847 germanitas:
454 3758 567 3821 valeat
581 3766 639 3819 tua
657 3750 724 3817 vox
740 3753 812 3826 illa,
834 3770 921 3836 quae
938 3752 1031 3816 vicit.
1080 3750 1133 3814 Te
1157 3746 1249 3813 enirn

197 3860 312 3923 dicere
338 3858 561 3922 audiebamus
584 3875 646 3918 nos
665 3851 777 3917 omnis
794 3850 1008 3916 adversarios
1032 3860 1166 3934 putare,
1184 3845 1250 3910 nisi

197 3957 255 4044 qui
279 3958 459 4028 nobiscum
480 3964 613 4028 essent3
637 3962 670 4016 te
687 3950 798 4016 omnis
822 3950 880 4036 qui
905 3960 1024 4015 contra
1046 3958 1080 4012 te
1103 3969 1172 4013 non
1198 3968 1250 4011 es-
