2722 4438
185 248 249 333 178
534 244 693 331 Menae
716 245 765 332 of
776 244 880 311 Milo
1128 236 1218 307 [ΜΨ

182 450 284 523 dam3
313 445 375 512 sed
398 446 501 512 homo
526 443 664 530 sapiens
689 453 790 530 atque
815 445 882 509 alta
901 453 937 509 et
954 440 1072 509 divina
1087 439 1224 525 quadam

182 558 295 613 mente
309 546 482 632 praeditus
495 546 601 610 multa
614 544 719 609 vidit:
736 544 842 610 fuisse
855 543 954 608 illurn
969 540 1035 615 sibi
1049 539 1224 614 inimicum,

116 676 120 685 ·
181 648 386 712 familiarem
404 645 572 710 Milonem
584 666 593 719 3
618 643 653 708 in
677 643 850 709 communi
870 642 1030 708 omnium
1053 637 1188 712 laetitia,
1204 638 1228 702 si

182 749 284 814 etiam
302 749 374 832 ipse
391 745 571 834 gauderet,
590 743 700 807 timuit
716 765 759 809 ne
775 743 948 809 videretur
966 738 1136 806 infirmior
1155 737 1230 802 fides
1293 739 1297 748 '

182 847 421 914 reconciliatae
438 844 591 933 gratiae3
617 844 723 908 multa
740 843 842 908 etiam
860 844 927 907 alia
951 841 1055 916 vidit,
1075 838 1135 904 sed
1157 837 1232 902 illud

168 948 345 1021 maxime,
375 944 534 1032 quamvis
562 944 720 1009 atrociter
747 944 820 1029 ipse
850 944 999 1019 tulisset,
1034 961 1098 1006 vos
1128 950 1233 1003 tamen

182 1047 309 1113 fortiter
331 1046 555 1134 judicaturos.
607 1043 726 1130 Itaque
754 1044 882 1132 delegit
913 1066 957 1109 ex
992 1037 1234 1107 florentissimis

182 1146 356 1212 ordinibus
373 1146 448 1230 ipsa
464 1144 595 1209 lumina
609 1166 617 1207 τ
642 1166 753 1232 neque
764 1166 858 1219 vero,
873 1145 965 1231 quod
984 1164 1060 1208 non
1077 1140 1162 1204 nulli
1174 1139 1236 1203 dic-

181 1247 291 1321 titant,
304 1244 447 1311 secrevit
463 1244 498 1309 in
508 1244 681 1333 judicibus
698 1245 856 1333 legendis
873 1245 1006 1311 amicos
1024 1263 1138 1306 meos.
1174 1237 1236 1302 Ne-

181 1367 248 1432 que
273 1341 364 1409 enim
387 1346 452 1410 hoc
468 1344 632 1431 cogitavit
647 1345 700 1409 vir
713 1344 940 1432 justissimus3
958 1362 1079 1430 neque
1096 1341 1133 1404 in
1148 1337 1236 1404 bonis

181 1446 262 1510 viris
284 1445 440 1532 legendis
465 1444 500 1509 id
524 1443 668 1530 adsequi
692 1445 868 1530 potuisset,
893 1445 997 1509 etiam
1024 1443 1055 1508 si
1082 1439 1235 1524 cupisset.

181 1544 263 1611 Non
288 1544 378 1609 enim
401 1564 476 1607 mea
501 1544 612 1630 gratia
629 1543 915 1609 familiaritatibus
931 1542 1145 1614 continetur,
1158 1557 1238 1623 quae

182 1646 249 1710 late
274 1655 388 1729 patere
406 1665 473 1707 non
491 1652 646 1728 possunt,
666 1654 845 1728 propterea
862 1643 953 1730 quod
970 1638 1237 1708 consuetudines

180 1744 290 1810 victus
303 1765 371 1808 non
389 1754 531 1827 possunt
546 1763 622 1806 esse
636 1762 714 1806 cum
732 1743 866 1817 multis3
890 1744 963 1818 sed,
980 1744 1009 1807 si
1027 1741 1117 1829 quid
1128 1757 1238 1823 possu-

182 1866 271 1918 mus,
289 1864 391 1908 exeo
415 1863 612 1927 possumus,
630 1842 722 1927 quod
739 1862 793 1906 res
811 1843 948 1927 publica
972 1864 1037 1907 nos
1064 1833 1238 1926 conjunxit

182 1963 261 2008 cum
285 1941 403 2007 bonis:
430 1963 474 2006 ex
498 1942 621 2027 quibus
646 1943 703 2006 ille
727 1962 805 2006 cum
823 1942 967 2027 optimos
983 1942 1081 2006 viros
1098 1940 1235 2025 legeret,

181 2042 284 2128 idque
310 2040 462 2105 maxime
488 2040 531 2104 ad
556 2041 660 2105 fidem
685 2061 784 2105 suam
808 2041 976 2126 pertinere
1004 2041 1235 2107 arbitraretur,

181 2163 250 2207 non
274 2139 380 2225 potuit
404 2139 521 2226 legere
547 2161 615 2203 non
640 2140 809 2205 studiosos
834 2141 911 2206 mei.
957 2153 1005 2200 22.
1030 2138 1143 2223 Qod
1162 2152 1237 2198 vero

181 2251 226 2316 te,
245 2239 288 2304 L.
302 2238 447 2313 Domiti,
463 2238 543 2302 huic
559 2239 751 2324 quaestioni
769 2261 928 2324 praeesse
945 2241 1102 2304 maxime
1120 2232 1234 2305 voluit,

181 2340 265 2404 nibil
297 2337 466 2426 quaesivit
491 2337 621 2425 [aliud]
648 2338 713 2403 nisi
736 2339 914 2427 justitiam,
933 2340 1157 2428 gravitatem,
1179 2335 1236 2396 hu·

182 2439 392 2513 manitatem,
407 2437 524 2502 fidem.
573 2437 670 2502 Tulit
681 2449 718 2503 ut
734 2440 950 2504 consularem
967 2459 1114 2504 necesse
1131 2441 1236 2501 esset:

182 2539 296 2612 credo,
315 2538 406 2623 quod
431 2537 626 2622 principum
651 2559 775 2603 munus
800 2559 875 2603 esse
905 2540 1052 2603 ducebat
1080 2536 1235 2603 resistere

181 2650 214 2703 et
237 2637 364 2702 levitati
393 2637 618 2702 multitudinis
644 2648 677 2702 et
704 2638 913 2722 perditorum
938 2637 1136 2703 temeritati.
1185 2629 1236 2696 Ex

182 2737 418 2804 consularibus
450 2748 483 2801 te
523 2737 653 2802 creavit
691 2737 925 2821 potissimum:
966 2738 1113 2803 dederas
1147 2732 1234 2800 enirn

181 2859 284 2924 quam
317 2849 554 2902 contemneres
586 2837 762 2922 popularis
793 2837 946 2900 insanias
973 2838 1047 2925 jam
1079 2839 1124 2903 ab
1155 2833 1236 2899 adu-

181 2937 343 3004 lescentia
369 2938 576 3002 documenta
600 2936 767 3001 maxima.

225 3058 276 3102 1x.
302 3054 349 3100 23.
374 3036 492 3120 Quam
510 3036 656 3110 obrem,
672 3035 820 3122 judices,
838 3046 875 3099 ut
892 3036 1076 3122 aliquando
1093 3038 1139 3102 ad
1157 3053 1234 3099 cau*

181 3159 254 3202 sam
272 3137 468 3222 crimenque
484 3133 773 3209 veniamus,—si
793 3156 905 3220 neque
929 3135 1040 3203 omnis
1065 3130 1232 3200 consessio

181 3236 259 3301 facti
287 3249 338 3302 est
364 3236 538 3308 inusitata,
563 3255 675 3321 neque
703 3235 746 3299 de
775 3255 880 3300 causa
907 3246 1021 3300 nostra
1050 3236 1232 3322 quicquam

181 3337 277 3400 aliter
294 3357 335 3400 ac
352 3358 414 3402 nos
430 3337 599 3402 vellemus
616 3356 637 3400 a
657 3347 777 3400 senatu
797 3334 987 3423 judicatum
1011 3346 1074 3411 est,
1094 3346 1127 3400 et
1149 3337 1232 3400 lator

179 3436 253 3520 ipse
284 3436 385 3522 legis,
412 3458 490 3501 cum
524 3449 614 3503 esset
645 3435 875 3502 controversia
907 3435 1001 3500 nulla
1032 3436 1124 3511 facti,
1147 3430 1231 3524 juris

180 3547 294 3600 tamen
318 3534 602 3627 disceptationem
630 3558 706 3602 esse
734 3535 851 3611 voluit,
876 3548 908 3601 et
936 3537 967 3600 ei
995 3535 1072 3601 lecti
1100 3536 1230 3624 judices

180 3634 275 3721 isque
292 3636 507 3721 praepositus
523 3646 572 3700 est
588 3636 791 3722 quaestioni,
810 3635 868 3723 qui
886 3637 973 3701 haec
989 3636 1078 3725 juste
1098 3637 1231 3722 sapien-

179 3746 296 3820 terque
317 3735 730 3823 disceptet‚—reliquum
751 3748 814 3813 est,
829 3737 976 3826 judices
996 3748 1032 3801 ut
1054 3737 1139 3801 nihil
1160 3737 1228 3826 jam

179 3856 344 3920 quaerere
370 3834 463 3899 aliud
488 3834 655 3911 debeatis,
680 3836 745 3901 nisi
769 3848 844 3902 uter
867 3837 931 3901 utri
948 3837 1089 3903 insidias
1105 3834 1228 3903 fecerit.

181 3931 285 4017 Qod
309 3955 376 4020 quo
400 3933 535 3997 facilius
555 3935 767 4020 argumentis
783 3937 977 4021 perspicere
994 3936 1142 4022 possitis,
1160 3953 1227 4000 rem
