2722 4438
139 271 317 342 XXX111·89·]
350 271 482 338 Crunos
506 273 581 337 urzd
601 272 766 339 Maduess
790 274 838 359 os
857 273 1010 340 Clodius.
1129 294 1192 360 203

184 492 228 539 or.
254 475 351 538 Dura
375 475 448 564 (me
466 473 542 539 dius
559 474 676 563 fidius)
709 472 792 536 mihi
809 473 881 562 jam
902 474 1053 540 Fortuna
1078 475 1195 561 populi

139 574 292 642 Romani
324 584 357 636 et
387 573 535 638 crudelis
564 573 755 648 videbatur,
781 595 870 659 quae
894 583 942 639 tot
965 595 1074 640 annos
1096 575 1196 640 illum

138 677 175 741 in
196 677 288 740 hanc
307 693 380 736 rem
405 672 578 756 publicam
603 672 766 736 insultare
791 685 974 757 pateretur.
1024 672 1197 739 Polluerat

139 788 256 860 stupro
279 771 512 837 sanctissimas
534 771 731 858 religiones,
750 785 889 837 senatus
911 773 1115 859 gravissima
1138 775 1197 840 de·

139 887 233 940 creta
249 871 472 958 perfregerat‚
492 871 637 953 pecunia
655 892 691 934 se
708 892 728 933 a
741 870 914 957 judicibus
930 875 1046 956 palam
1064 874 1197 938 redem-

139 986 224 1049 erat,
250 980 393 1035 vexarat
420 968 455 1031 in
478 969 649 1032 tribunatu
674 982 843 1044 senatum,
861 971 1014 1035 omniurn
1039 973 1197 1037 ordinum

138 1093 311 1139 consensu
349 1090 411 1153 pro
448 1069 557 1132 salute
593 1068 642 1133 rei
678 1070 837 1154 publicae
868 1084 967 1156 gesta
998 1071 1195 1148 resciderat,

139 1195 196 1238 me
213 1171 323 1258 patria
340 1169 531 1253 expulerat,
549 1168 639 1232 bona
656 1168 855 1252 diripuerat,
873 1170 1013 1234 domum
1035 1169 1199 1236 incende·

140 1284 205 1347 rat,
231 1272 369 1344 liberm,
397 1268 579 1355 conjugem
613 1289 725 1332 meam
759 1281 913 1343 vexarat,
940 1267 1007 1335 Cn.
1032 1268 1198 1354 Pompeio

135 1371 310 1445 ,nefarium
334 1369 462 1433 bellum
486 1367 669 1442 indixerat,
689 1368 949 1455 magistratuum
973 1368 1198 1452 privatorum·

140 1493 208 1558 que
241 1470 356 1534 caedis
388 1462 560 1542 effecerat,
591 1467 731 1532 domum
757 1468 823 1531 mei
848 1466 960 1532 sr'atris
984 1468 1195 1546 incenderat,

139 1580 292 1636 vastarat
315 1567 500 1641 Etruriam,
527 1568 650 1631 multos
675 1568 813 1632 sedibus
842 1588 883 1632 ac
914 1567 1056 1632 fortunis
1088 1569 1199 1656 ejece-

140 1682 206 1735 rat.
245 1669 409 1741 Instabat,
424 1663 581 1754 urgebat.
619 1667 755 1753 Capere
772 1668 846 1754 ejus
863 1667 1046 1731 amentiam
1064 1667 1197 1746 civitas,

133 1770 256 1845 ltalia,
279 1768 487 1854 provinciae,
512 1788 621 1854 regna
646 1789 714 1831 non
739 1777 905 1853 poterant.
955 1767 1199 1834 Incidebantur

148 1872 223 1961 jam
247 1869 339 1935 domi
362 1869 472 1955 leges,
497 1888 586 1953 quae
610 1888 673 1932 nos
701 1867 807 1932 servis
836 1867 958 1933 nostris
987 1866 1194 1934 addicerent.

142 1971 242 2036 Nihil
274 1979 346 2034 erat
377 1967 592 2055 cujusquam,
621 1968 714 2053 quod
743 1967 881 2054 quidem
906 1968 964 2033 ille
988 1969 1196 2046 adamasset,

142 2073 237 2161 quod
261 2094 327 2137 non
353 2071 419 2135 hoc
444 2091 534 2134 anno
558 2091 658 2134 suum
679 2069 750 2134 fore
770 2081 913 2155 putaret.
962 2087 1007 2135 88.
1031 2069 1199 2137 Obstabat

142 2174 218 2261 ejus
250 2171 511 2261 cogitationibus
543 2193 645 2238 nemo
680 2184 830 2258 praeter,
852 2171 1032 2239 Milonem.
1095 2162 1202 2238 Illum¹

141 2275 270 2361 ipsum,
300 2275 358 2361 qui
386 2274 520 2339 obstare
549 2284 692 2358 poterat,
722 2295 811 2345 novo
842 2274 951 2339 reditu
983 2274 1018 2339 in
1050 2273 1198 2361 gratiam

142 2376 242 2462 quasi
273 2374 467 2440 devinctum
510 2373 765 2439 arbitrabatur:
810 2373 971 2440 Caesaris
1012 2374 1197 2460 potentiam

143 2497 242 2540 suam
274 2497 349 2540 esse
380 2475 536 2540 dicebat:
575 2475 741 2539 bonorum
775 2474 907 2539 animos
937 2474 973 2539 in
1005 2496 1083 2539 meo
1114 2494 1199 2539 casu

142 2587 414 2660 contempserat:
448 2574 535 2638 Milo
558 2596 647 2638 unus
670 2574 826 2660 urgebat.

137 2730 139 2737 Α
188 2695 321 2740 xxxrn.
349 2675 417 2739 Hic
445 2674 479 2739 di
503 2673 724 2747 immortales,
753 2684 918 2757 utsupra
944 2672 1028 2748 dixi,
1048 2683 1196 2737 mentem

139 2774 192 2846 illi
209 2775 341 2859 perdito
358 2796 399 2838 ac
415 2773 542 2838 furioso
554 2774 734 2847 dederunt,
746 2784 782 2837 ut
799 2773 879 2837 huic
896 2772 1023 2837 laceret
1039 2767 1194 2837 insidias.

140 2873 254 2938 Aliter
280 2874 390 2960 perire
416 2873 520 2958 pestis
535 2872 606 2936 -itla
631 2893 699 2936 non
725 2872 852 2956 potuit:
886 2892 1074 2957 numquam
1098 2871 1196 2936 illum

54 3056 57 3061 ῃ
140 2995 198 3038 res
214 2974 357 3058 publica.
369 2996 430 3039 suo
446 2973 522 3060 jure
540 2982 628 3036 esset
644 2972 726 3035 ulta.
776 2970 924 3036 Senatus
941 2970 1080 3057 (credo)
1097 2992 1197 3055 prae·

141 3083 249 3143 torem
268 3095 346 3136 eum
365 3071 697 3156 circumscripsisset.
739 3068 795 3135 Ne
813 3092 890 3135 curn
909 3072 1040 3135 solebat
1056 3070 1195 3157 quidem

55 3213 59 3223 ·
141 3172 178 3236 id
209 3172 335 3246 facere,
363 3172 398 3236 in
430 3172 561 3257 privato
593 3171 714 3235 eodem
747 3171 813 3235 hoc
837 3170 966 3257 aliquid
990 3170 1192 3255 profecerat.

142 3289 188 3336 so.
211 3271 270 3336 An
288 3272 445 3336 consules
462 3270 495 3334 in
514 3282 669 3355 praetore
690 3271 880 3335 coercendo
906 3271 1007 3335 sortes
1032 3268 1196 3335 luissent?

141 3373 311 3445 Primum,
324 3370 455 3435 Milone
466 3370 579 3434 occiso
593 3368 768 3434 habuisset
781 3391 859 3457 suos
870 3371 1028 3434 consules
1041 3393 1049 3432 ε
1070 3369 1195 3435 deinde

141 3473 218 3560 quis
244 3472 279 3535 in
307 3492 347 3535 eo
365 3481 519 3556 praetore
545 3470 664 3533 consul
691 3468 785 3532 fortis
814 3480 916 3544 esset,
935 3490 996 3555 per
1011 3491 1114 3556 quem
1138 3469 1195 3535 tri-

140 3573 272 3638 bunum
286 3564 442 3633 virtutem
460 3569 677 3633 consularem
695 3567 931 3633 crudelissime
942 3581 1102 3633 vexatam
1120 3591 1194 3634 esse

140 3668 375 3736 meminisset?
422 3667 657 3754 Oppressisset
680 3667 808 3741 omnia,
827 3667 1026 3752 possideret,
1044 3679 1193 3733 teneret:

141 3773 220 3858 lege
237 3792 328 3835 nova
349 3768 454 3855 [quae
481 3780 531 3832 est
558 3767 696 3830 inventa
723 3768 813 3851 apud
842 3788 920 3830 eum
950 3788 1028 3831 cum
1056 3767 1195 3852 reliquis
1271 3786 1274 3794 ·

141 3872 278 3958 legibus
296 3867 492 3955 Clodianis]
514 3889 629 3932 servos
646 3877 777 3931 nostros
795 3866 932 3932 libertos
945 3888 1024 3931 suos
1037 3866 1193 3931 fecisset:

142 3984 328 4058 postremo,
356 3968 420 4034 nisi
452 3990 530 4032 eum
562 3967 597 4033 di
629 3967 838 4032 immortales
869 3967 904 4031 in
937 3988 1013 4032 eam
1046 3976 1194 4032 mentem
1225 3990 1229 3995 ·
