2722 4438
108 254 324 324 XXXV111·105·]
362 255 452 321 Last
474 253 620 343 Appcal
639 263 673 320 to
696 254 752 320 tte
781 253 900 321 Court.
1095 272 1161 342 209

154 476 312 521 xxxvm.
339 455 478 522 Utinam
496 456 530 521 di
545 456 755 521 immortales
768 454 981 521 fecissent—
990 475 1077 541 pace
1087 466 1158 532 tua,

108 556 232 643 patria,
251 555 418 631 dixerim3
444 566 557 621 metuo
574 555 666 620 enim
683 576 726 621 ne
743 557 907 621 scelerate
931 556 1045 621 dicam
1068 557 1103 621 in
1127 567 1160 623 te

109 657 202 742 quod
218 677 280 742 pro
297 654 430 720 Milone
449 654 563 719 dicam
587 655 840 741 pie-utinam
864 655 904 719 P.
924 655 1068 722 Clodius
1091 680 1161 724 non

109 756 213 820 modo
229 756 369 831 viveret,
388 755 449 820 sed
466 755 567 818 etiam
585 766 732 839 praetor,
751 757 883 832 consul,
899 758 1041 823 dictator
1057 771 1158 834 esset,

110 856 222 941 potius
253 876 357 941 quam
390 855 457 920 hoc
488 855 722 941 spectaculum
753 857 927 924 videreml
974 878 1036 925 104.
1070 860 1161 927 Odi

110 953 340 1019 immortales!
365 954 485 1019 sortem
506 965 539 1019 et
558 975 578 1019 a
597 956 707 1031 vobis,
722 957 869 1045 judicem
888 962 1161 1028 conservandum

110 1054 243 1120 viruml
271 1055 453 1130 ‘Minime‚
473 1055 637 1131 minime:
655 1057 773 1143 inquit.
824 1061 959 1129 ‘Immo
982 1086 1065 1129 vero
1081 1084 1162 1148 poe·

110 1178 174 1220 nas
200 1155 257 1219 ille
281 1155 413 1219 debitas
438 1155 557 1221 luerit:
589 1180 652 1222 nos
676 1161 875 1238 subeamus,
898 1163 926 1228 si
950 1163 996 1229 ita
1020 1181 1162 1228 necesse

112 1269 175 1333 est,
195 1279 263 1322 non
289 1256 445 1322 debitas.'
490 1257 617 1353 Hicine
645 1259 709 1336 vir,
728 1263 859 1348 patriae
884 1274 997 1339 natus,
1015 1284 1162 1349 usquam

111 1357 177 1423 nisi
209 1357 243 1421 in
279 1357 388 1444 patria
424 1358 607 1424 morietur?
645 1373 716 1437 aut,
750 1363 779 1428 si
804 1363 902 1440 forte,
936 1385 1010 1449 pro.
1030 1361 1162 1449 patria?

113 1461 227 1550 Hujus
254 1483 316 1527 vos
345 1460 450 1525 animi
478 1474 700 1528 monumenta
727 1464 925 1540 retinebitis,
953 1465 1103 1549 corporis
1127 1463 1163 1528 in

111 1562 212 1627 ltalia
244 1562 376 1626 nullum
401 1563 597 1646 sepulcrum
621 1586 697 1630 esse
721 1563 919 1650 patiemini?
965 1564 1071 1629 Hunc
1101 1584 1163 1629 sua

111 1663 293 1750 quisquam
311 1663 478 1729 sententia
494 1685 538 1728 ex
555 1665 622 1730 hac
637 1666 721 1731 urbe
738 1666 899 1751 expellet,
917 1685 1020 1752 quem
1043 1685 1164 1729 omnes

59 1766 62 1772 ‘
111 1766 215 1830 urbes
240 1766 421 1850 expulsum
441 1765 573 1831 avobis
598 1766 642 1830 ad
659 1787 695 1831 se
712 1764 904 1831 vocabunt?
949 1783 1009 1830 105.
1043 1763 1075 1829 O
1098 1775 1165 1828 ter·

112 1887 186 1930 ram
212 1864 307 1931 illam
326 1867 477 1941 beatam,
496 1857 587 1952 quae
601 1866 694 1931 hunc
709 1865 821 1930 virum
846 1865 1039 1951 exceperit:
1073 1865 1165 1929 hanc

112 1967 298 2054 ingratam,
317 1967 344 2032 si
362 1967 499 2055 ejecerit
510 1990 519 2041 ;
546 1966 719 2043 miseram,
738 1966 766 2031 si
785 1964 954 2030 amiseritl

158 2067 230 2133 Sed
251 2067 327 2132 finis
352 2067 414 2133 sit:
447 2089 558 2154 neque
583 2067 675 2132 enim
699 2087 782 2153 prae
806 2065 956 2131 lacrimis
976 2066 1050 2155 jam
1071 2063 1165 2152 loqui

113 2189 267 2253 possum,
297 2179 330 2233 et
361 2168 418 2232 hic
446 2188 482 2232 se
509 2166 660 2232 lacrimis
688 2165 826 2232 defendi
851 2176 952 2231 vetat.
1002 2165 1074 2231 Vos
1105 2186 1164 2229 oro

113 2268 342 2353 obtestorque,
372 2266 520 2356 judiceS,
549 2276 586 2331 ut
616 2266 651 2332 in
682 2265 857 2332 sententiis
885 2265 1047 2341 ferendis,
1072 2264 1165 2351 quod

114 2367 265 2433 sentietis
297 2367 332 2433 id
365 2366 531 2432 audeatis.
590 2365 751 2431 Vestram
782 2366 954 2441 virtutem,
984 2365 1162 2454 justitiam,

113 2469 232 2543 fidem,
255 2466 339 2530 mihi
364 2467 504 2541 credite,
522 2465 551 2531 is
574 2466 726 2530 maxime
750 2466 918 2550 probabit,
937 2465 995 2552 qui
1020 2464 1055 2528 in
1075 2464 1165 2551 judi-

115 2568 211 2631 cibus
243 2566 401 2654 legendis
424 2566 590 2651 optimum
622 2574 655 2631 et
682 2564 971 2651 sapientissimum
998 2575 1032 2630 et
1056 2563 1165 2629 fortis-

115 2666 239 2732 simum
264 2686 436 2754 quemque
460 2665 577 2754 elegit.
