2572 4442
166 307 227 393 158
358 363 362 369 .
412 303 558 369 Cr'cero’s
581 301 689 367 Exz'le
712 302 786 368 and
806 301 960 367 Return.
1061 299 1204 370 [Snsnuq
1267 346 1268 385 3

163 507 269 571 fatum
294 503 500 570 reservavit:
533 524 612 590 ego,
638 501 695 589 qui
724 500 845 588 (quern
873 502 918 567 ad
947 503 1088 567 modurn
1116 504 1207 568 multi

163 608 197 671 in
218 618 337 670 senatu
362 626 417 668 rne
442 605 581 668 absente
606 602 782 686 dixerunt)
805 603 959 687 periculo
983 604 1032 666 rei
1056 603 1208 687 publicae

162 706 335 778 vivebam,
353 704 479 790 quique
499 702 542 766 ob
563 723 639 765 eam
664 722 804 765 causam
830 702 1072 766 consularibus
1097 702 1209 767 litteris

163 806 207 871 de
232 816 369 869 senatus
392 802 557 866 sententia
575 801 700 864 exteris
718 801 911 864 nationibus
929 803 1208 876 commendabar,

164 927 291 979 nonne,
321 903 348 967 si
382 923 493 965 meam
525 901 630 964 vitam
663 901 903 976 deseruissem,
934 922 1008 964 rem
1043 901 1210 985 publicam
1267 928 1268 979 ,

165 1002 415 1091 prodidissem?
453 1002 487 1064 in
512 1021 580 1086 qua
603 1000 742 1086 quidem
767 1021 858 1064 nunc
883 1022 939 1065 me
961 1001 1115 1066 restituto
1136 1001 1212 1066 vivit

165 1124 299 1167 mecum
332 1101 433 1166 simul
466 1101 662 1184 exemplum
693 1099 772 1164 fidei
805 1101 978 1186 publicae.
1052 1100 1157 1187 Quod
1186 1102 1211 1166 si

166 1203 356 1268 immortale
388 1201 560 1274 retinetur,
589 1200 664 1286 quis
696 1222 764 1265 non
793 1200 962 1290 intellegit
989 1202 1211 1268 immortalem

166 1305 257 1367 hanc
291 1301 462 1367 civitatem
501 1298 672 1364 suturam?
739 1318 786 1365 aa.
814 1303 907 1367 Nam
945 1314 1092 1368 externa
1127 1304 1212 1368 bella

166 1426 301 1492 regum,
325 1402 492 1491 gentium,
516 1402 692 1467 nationum
720 1403 792 1492 jam
821 1405 955 1491 pridem
980 1406 1027 1470 ita
1053 1404 1212 1471 exstincta
1267 1422 1268 1435 ¹

167 1517 257 1581 sunt,
289 1515 326 1568 ut
359 1504 536 1589 praeclare
571 1524 649 1567 cum
684 1504 734 1569 eis
766 1525 924 1592 agamus,
959 1527 1048 1592 quos
1080 1517 1213 1591 pacatos

167 1627 243 1672 esse
265 1605 446 1691 patiamur.
495 1604 654 1692 Denique
676 1626 720 1670 ex
742 1605 867 1671 bellica
888 1606 1034 1672 victoria
1056 1628 1125 1671 non
1150 1605 1213 1669 sere

167 1727 375 1795 quemquam
407 1716 458 1771 est
489 1705 618 1769 invidia
650 1705 775 1770 civium
810 1718 1009 1772 consecuta.
1076 1707 1214 1771 Domes-

167 1809 242 1873 ticis
260 1807 359 1872 malis
376 1817 409 1871 et
428 1807 613 1871 audacium
637 1805 762 1870 civium
788 1807 938 1872 consiliis
964 1828 1071 1893 saepe
1095 1818 1145 1872 est
1166 1825 1213 1868 re·

169 1909 370 1983 sistendum,
400 1928 587 1993 eorumque
606 1907 845 2000 xpericulorum
873 1920 924 1972 est
951 1907 988 1971 in
1017 1929 1055 1973 re
1082 1906 1212 1993 publica
1267 1968 1268 2003 i

168 2009 346 2074 retinenda
371 2007 562 2071 medicina:
595 2028 695 2092 quam
722 2029 872 2082 ornnem,
887 2008 1037 2096 judices,
1053 2006 1213 2094 perdidis·
1267 2060 1268 2095 ,

170 2109 263 2184 setis
281 2108 309 2174 si
327 2129 404 2172 meo
419 2106 555 2171 interitu
573 2106 704 2170 senatui
723 2108 915 2196 populoque
937 2109 1102 2174 Romano
1126 2108 1212 2171 dolo·

170 2210 215 2274 ris
236 2208 287 2274 sui
307 2209 350 2274 de
370 2228 426 2272 me
448 2206 647 2272 declarandi
671 2219 820 2291 potestas
844 2219 933 2274 esset
957 2221 1089 2294 erepta.
1139 2205 1212 2289 Qua
1267 2194 1268 2241 ἶ

1267 1188 1268 1267 l

1267 1890 1269 1957 l

1267 2014 1268 2055 t

1267 2114 1268 2155 t

170 2330 206 2374 re
225 2330 347 2374 moneo
363 2329 438 2382 vos,
457 2306 707 2384 adulescentes,
727 2318 827 2393 atque
844 2310 909 2373 hoc
926 2330 1004 2374 meo
1025 2309 1103 2397 jure
1122 2326 1212 2393 prae·
1267 2320 1268 2389 ᾗ

171 2409 272 2494 cipio,
291 2407 349 2494 qui
370 2407 583 2494 dignitatem,
603 2406 660 2491 qui
683 2428 757 2485 rem
781 2408 968 2493 publicam,
991 2409 1051 2496 qui
1075 2406 1213 2495 gloriam
1267 2408 1268 2471 3

171 2509 343 2593 spectatis,
365 2529 421 2580 ne,
443 2506 470 2571 si
495 2527 583 2591 quae
601 2528 661 2571 vos
679 2506 864 2592 aliquando
881 2509 1070 2573 necessitas
1088 2508 1132 2572 ad
1147 2525 1213 2569 rem

127 2599 130 2604 ¹
171 2608 343 2693 publicam
362 2605 667 2690 contraimprobos
690 2606 773 2671 civis
794 2607 1049 2673 defendendam
1073 2604 1211 2676 vocabit,

171 2708 348 2794 segniores
373 2706 456 2781 sitis,
479 2718 511 2770 et
534 2707 770 2772 recordatione
795 2706 863 2771 mei
891 2728 992 2772 casus
1023 2729 1043 2772 a
1072 2702 1213 2771 consiliis
1267 2760 1268 2793 ζ

172 2807 312 2872 sortibus
329 2806 517 2893 refugiatis
565 2821 612 2869 29.
637 2805 803 2881 Primum,
817 2829 886 2871 non
903 2818 954 2871 est
969 2808 1160 2893 periculum
1175 2822 1214 2866 ne

171 2908 246 2994 quis
262 2928 425 2994 umquam
443 2906 572 2969 incidat
587 2905 621 2969 in
639 2905 712 2992 ejus
726 2907 818 2969 modi
831 2909 1005 2984 consules,
1019 2903 1213 2994 praesertim
1267 2946 1268 2991 p

177 3008 200 3072 si
216 3007 279 3071 erit
295 3006 344 3070 eis
360 3006 396 3069 id
411 3006 503 3090 quod
523 3005 665 3069 debetur
688 3004 910 3088 persolutum.
961 3006 1099 3071 Deinde
1123 3022 1213 3066 num·

172 3129 274 3195 quam
300 3107 386 3195 jam,
413 3117 451 3169 ut
478 3126 589 3190 spero,
618 3104 798 3191 quisquam
822 3104 998 3189 improbus
1023 3104 1163 3171 consilio
1185 3109 1214 3163 et
1267 3102 1268 3107 ’

173 3207 301 3272 auxilio
317 3207 483 3270 bonorum
501 3225 538 3268 se
553 3225 756 3290 oppugnare
773 3225 845 3268 rem
862 3205 1035 3289 publicam
1049 3205 1138 3270 dicet
1153 3200 1213 3265 illis

172 3306 374 3380 tacentibus
393 3326 458 3369 nec
478 3302 597 3368 armati
620 3303 790 3368 exercitus
812 3314 975 3369 terrorem
1000 3301 1149 3391 opponet
1169 3311 1213 3364 to·

173 3406 262 3495 gatis
274 3404 414 3491 {neque
428 3405 490 3468 erit
502 3404 594 3493 justa
611 3425 716 3468 causa
734 3404 777 3468 ad
794 3416 908 3490 portas
925 3407 1056 3471 sedenti
1073 3406 1213 3489 impera·
1267 3484 1268 3491 ἵ

172 3508 247 3583 tori,
263 3526 330 3593 qua
347 3527 384 3568 re
401 3526 500 3569 suum
516 3516 679 3569 terrorem
692 3504 780 3569 salso
793 3505 915 3591 jactari
927 3507 1122 3592 opponique
1134 3498 1212 3588 pati·
1267 3496 1268 3507 ’

174 3621 259 3673 atur.
309 3605 509 3690 Numquam
533 3605 680 3692 denique
704 3605 766 3669 erit
782 3617 850 3670 tam
867 3628 1050 3692 oppressus
1067 3613 1210 3672 senatus,

172 3720 209 3774 ut
232 3708 263 3773 ei
287 3728 330 3774 ne
355 3705 571 3790 supplicandi
594 3706 732 3791 quidem
758 3727 799 3771 ac
822 3707 963 3794 lugendi
988 3709 1030 3774 sit
1049 3714 1210 3794 potestas3

172 3822 241 3875 tam
260 3820 380 3892 captus
397 3817 553 3891 equester
569 3807 665 3880 ord0,
679 3817 717 3870 ut
732 3807 862 3892 equites
879 3807 1031 3873 Romani
1048 3801 1210 3872 aconsule

173 3912 379 3995 relegentur.
431 3904 531 3988 Quae
550 3927 629 3970 cum
644 3906 759 3970 omnia
777 3919 877 3993 atque
898 3908 999 3973 etiam
1025 3907 1125 3972 multo
1149 3899 1210 3965 alia

174 4008 316 4096 majora,
342 4025 430 4092 quae
463 4006 615 4070 consulto
643 4018 832 4090 praetereo,
858 4007 1073 4085 accidissent,
1099 3998 1209 4069 videtis
