2760 4448
128 294 181 343 ΧΗ·
198 279 258 349 39]
397 282 611 371 Corruptron
635 283 683 370 os
695 282 752 348 tlte
780 282 918 350 Courls.
1140 296 1182 367 37

125 504 168 548 ex
185 483 271 547 Kal.
286 481 464 568 Januariis
478 504 596 565 secum
614 504 719 571 agere
735 483 779 548 de
795 505 832 549 re
849 480 986 569 publica
1005 504 1047 549 ac
1063 484 1106 550 de
1122 484 1184 549 ho-
1258 542 1261 549 .

127 584 276 648 minibus
294 582 460 667 improbis
480 583 607 647 voluit:
640 584 706 648 hoc
730 605 854 647 munus
878 583 1061 650 aedilitatis
1084 606 1183 650 meae

94 750 99 757 ,
125 683 255 768 populo
272 682 436 747 Romano
454 682 705 767 amplissimum
723 683 1060 769 pulcherrimumque
1085 684 1184 769 polli-

125 804 217 847 ceor.
269 781 414 856 Moneo,
434 782 608 865 praedico,
624 795 701 846 ante
719 783 903 856 denunti03
929 783 987 868 qui
1004 796 1063 846 aut
1078 785 1184 869 depo·

124 904 220 958 nere,
257 892 317 945 aut
347 880 518 965 accipere,
549 894 607 945 aut
637 881 805 966 recipere,
839 893 898 945 aut
929 882 1095 965 polliceri,
1125 893 1184 947 aut

124 993 321 1068 sequestres
350 992 408 1046 aut
435 981 636 1064 interpretes
665 981 907 1065 corrumpendi
934 981 1043 1068 judici
1073 983 1184 1046 solent

124 1104 214 1158 esse,
234 1080 363 1168 quique
381 1081 425 1145 ad
442 1081 533 1144 hanc
549 1101 621 1144 rem
639 1091 697 1144 aut
713 1079 899 1165 potentiam
922 1091 980 1144 aut
1003 1080 1183 1167 impuden-

123 1184 207 1246 tiam
243 1202 342 1245 suam
371 1179 517 1266 professi
545 1190 636 1255 sunt,
666 1180 861 1245 abstineant
891 1179 926 1244 in
958 1181 1024 1247 hoc
1051 1181 1183 1270 judicio

124 1303 251 1346 manus
276 1280 478 1367 animosque
503 1281 547 1345 ab
572 1282 638 1345 hoc
661 1281 791 1345 scelere
816 1279 959 1345 nesario.

168 1401 253 1445 x111.
278 1397 324 1444 ar.
348 1381 422 1445 Erit
451 1391 523 1444 tum
555 1381 674 1445 consul
707 1378 913 1445 Hortensius
941 1401 1019 1445 cum
1047 1403 1182 1448 summo

123 1480 272 1566 imperio
290 1491 323 1544 et
338 1491 524 1565 potestate;
548 1500 615 1567 ego
632 1491 746 1544 autem
765 1479 899 1555 aeditis,
917 1480 983 1545 hoc
1000 1493 1063 1556 est,
1078 1483 1182 1567 paulo

124 1581 277 1666 amplius
300 1601 406 1666 quam
426 1580 591 1665 privatus.
639 1579 777 1644 Tamen
795 1580 897 1667 hujus
914 1581 1006 1645 modi
1023 1581 1111 1646 haec
1127 1603 1182 1646 res

123 1692 189 1757 est,
208 1701 315 1767 quam
332 1701 388 1745 me
410 1690 562 1745 acturum
588 1700 663 1746 esse
687 1679 864 1765 polliceor,
888 1680 935 1745 ita
959 1682 1086 1766 populo
1110 1680 1183 1746 Ro·

124 1802 232 1847 mano
248 1792 348 1867 grata
365 1792 465 1866 atque
477 1780 645 1868 jucunda,
660 1790 697 1844 ut
712 1779 786 1864 ipse
803 1781 923 1844 consul
940 1779 975 1844 in
993 1781 1060 1845 hae
1076 1801 1181 1845 causa

124 1902 211 1967 prae
235 1901 291 1944 me
315 1881 428 1945 minus
449 1881 553 1944 etiam
575 1880 622 1966 (si
649 1879 723 1943 fieri
751 1879 874 1966 possit)
901 1901 1005 1966 quam
1031 1880 1181 1965 privatus

124 2004 204 2046 esse
229 1981 398 2045 videatur.
448 1980 575 2044 Omnia
597 2001 666 2045 non
688 1980 1179 2058 modocommemorabuntur,

125 2083 188 2146 sed
214 2080 332 2155 etiam,
354 2079 516 2165 expositis
541 2079 640 2144 certis
665 2080 780 2154 rebus,
803 2092 959 2166 agentur,
981 2103 1071 2168 quae
1095 2082 1182 2147 inter

126 2182 250 2245 decem
268 2201 391 2255 annos,
410 2190 647 2265 posteaquam
668 2178 799 2266 judicia
823 2181 867 2245 ad
891 2195 1048 2247 senatum
1071 2194 1182 2250 trans-

125 2281 196 2345 lata
210 2291 301 2353 sunt,
316 2280 352 2343 in
368 2281 469 2344 rebus
483 2279 679 2366 judicandis
692 2279 821 2344 nefarie
837 2280 1074 2369 flagitioseque
1091 2284 1180 2347 sacta

126 2391 219 2445 sunt.
268 2395 313 2442 as.
338 2379 534 2466 Cognoscet
561 2400 605 2443 ex
633 2400 688 2443 me
717 2380 863 2464 populus
890 2382 1071 2447 Romanus
1098 2383 1180 2469 quid

125 2483 181 2556 sit,
201 2501 306 2566 quarn
332 2480 375 2544 ob
397 2501 484 2553 rem,
503 2500 581 2542 cum
602 2490 759 2564 equester
774 2482 858 2545 ordo
870 2481 1052 2569 judicaret,
1071 2504 1180 2549 annos

125 2601 235 2667 prope
255 2578 504 2665 quinquaginta
525 2578 718 2652 continuos
738 2579 774 2643 in
794 2581 889 2645 nullo
910 2582 1025 2669 judice
1050 2582 1180 2670 [equite

125 2681 291 2746 Romano
319 2678 513 2767 judicante]
549 2700 593 2742 ne
624 2678 825 2744 tenuissima
861 2683 1000 2768 quidem
1038 2683 1180 2768 suspitio

125 2790 293 2864 acceptae
318 2778 485 2863 pecuniae
509 2779 553 2843 ob
573 2799 646 2842 rem
666 2777 891 2865 judicandam
914 2783 1093 2847 constituta
1116 2780 1179 2848 sit:

124 2880 209 2966 quid
226 2878 270 2944 sit
285 2880 390 2964 quod,
405 2878 542 2966 judiciis
560 2878 604 2943 ad
625 2878 833 2943 senatorium
858 2882 1012 2946 ordinem
1036 2884 1181 2947 transla-

123 2982 180 3057 tis,
201 2979 404 3064 sublataque
421 2979 538 3064 populi
556 2978 707 3042 Romani
725 2980 761 3042 in
781 3002 886 3045 unum
911 3003 1081 3068 quemque
1105 3005 1182 3047 ves·

124 3093 215 3145 trum
234 3088 413 3164 potestate,
432 3076 486 3161 Q.
499 3077 656 3144 Calidius
680 3078 863 3145 damnatus
887 3081 1022 3156 dixerit,
1041 3082 1181 3176 minoris

18 3192 22 3199 '
126 3181 189 3245 HS
218 3178 359 3244 triciens
386 3178 594 3262 praetorium
624 3180 800 3244 hominem
827 3182 970 3246 honeste
990 3204 1059 3246 non
1079 3205 1180 3268 posse

123 3278 307 3347 damnari:
342 3278 425 3364 quid
449 3278 491 3343 sit
513 3279 618 3365 quod,
646 3279 686 3343 Ρ.
714 3279 881 3365 Septimio
905 3292 1060 3347 senatore
1085 3284 1181 3348 dam·

123 3390 219 3453 nato,
248 3376 303 3461 Q
324 3376 509 3444 Hortensio
537 3389 707 3464 praetore,
734 3379 777 3443 de
804 3380 959 3464 pecuniis
983 3383 1180 3468 repetundis

123 3479 164 3544 lis
190 3478 373 3543 aestimata
396 3477 440 3541 sit
463 3499 504 3543 eo
526 3478 678 3552 nomine,
696 3479 788 3563 quod
804 3480 861 3543 ille
877 3481 921 3545 ob
938 3502 1010 3546 rem
1023 3482 1181 3570 judican-

123 3580 204 3644 dam
226 3576 410 3663 pecuniam
434 3578 643 3662 accepisset.;
675 3595 723 3642 39.
745 3580 837 3664 quod
860 3579 896 3644 in
918 3580 961 3645 C.
988 3581 1178 3657 Herennio,

125 3679 217 3765 quod
241 3678 278 3742 in
302 3676 345 3742 C.
373 3676 521 3763 Popilio,
543 3679 771 3753 senatoribus
792 3680 850 3765 qui
876 3681 978 3745 ambo
1002 3683 1180 3766 peculatus

124 3777 280 3844 damnati
313 3790 411 3852 sunt3
444 3778 536 3863 quod
564 3777 599 3840 in
628 3777 681 3841 M.
709 3776 827 3855 Atilio,
853 3780 911 3865 qui
936 3782 979 3845 de
1004 3781 1180 3868 majestate

123 3879 310 3943 damnatus
335 3887 397 3953 est,
424 3877 491 3941 hoc
514 3877 657 3962 planum
683 3877 811 3943 sactum
836 3879 890 3956 sit,
915 3901 974 3944 eos
995 3880 1180 3965 pecuniam

123 3978 258 4043 obrem
273 3976 499 4064 judicandam
518 3976 716 4061 accepisse3
741 3978 834 4063 quod
850 3977 978 4059 inventi
995 3978 1061 4043 sint
1080 3998 1181 4043 sena-
