2572 4442
98 244 162 284 xrx.
178 229 236 300 56.]
351 229 486 296 Terror
508 234 556 317 of
570 233 626 297 the
645 232 786 298 Piratr'c
820 231 915 297 Wa'r.
1028 174 1049 207 α
1110 245 1153 317 77

95 445 258 521 toresque
272 432 517 518 capiebantur?
546 454 624 498 cum
638 455 682 497 ex
692 434 850 499 omnibus
863 430 1048 518 provinciis
1061 456 1154 500 com-

95 549 214 598 meatu
243 544 277 598 et
303 534 435 619 privato
463 545 496 597 et
522 534 659 618 publico
684 533 973 618 prohibebamur?
1004 556 1082 599 cum
1107 535 1153 598 ita

96 635 218 698 clausa
235 635 335 698 nobis
352 644 449 697 erant
462 634 570 696 maria
583 633 712 707 omnia,
726 645 763 698 ut
776 654 885 719 neque
899 634 1066 719 privatam
1079 656 1152 699 rem

96 735 365 798 transmarinam
383 754 494 818 neque
511 732 683 816 publicam
702 733 775 821 jam
792 733 886 798 obire
902 734 1104 817 possemus?

141 853 250 898 xvnr.
276 849 322 896 54.
347 830 448 917 Quae
480 832 599 896 civitas
628 844 729 896 antea
753 854 917 918 umquam
942 833 1151 909 fuit,-non

98 934 174 1000 dico
184 932 465 1007 Athenienium‚
480 952 569 1018 quae
582 932 663 996 satis
677 933 744 997 late
757 933 931 1019 quondam
945 955 1039 999 mare
1054 946 1152 999 tenu·
1167 952 1186 1009 ‘l
1195 935 1269 1023 W

95 1035 164 1100 isse
192 1033 337 1107 dicitur3
370 1054 438 1096 non
467 1031 602 1096 Kartha
631 1031 825 1107 iniensium,
856 1032 913 1120 qui
945 1034 1151 1118 permultum
1171 1060 1228 1108 zm

97 1136 209 1200 classe
226 1153 268 1198 ac
285 1131 462 1196 maritimis
479 1053 800 1206 rmffmifffiu
829 1132 1234 1226 no-Qsshodiorum,3,„-
1255 1162 1285 1221 ᾗ,

95 1256 243 1320 quorum
260 1253 368 1319 usque
386 1232 429 1295 ad
444 1242 594 1295 nostram
610 1231 809 1296 memoriam
824 1221 1005 1317 disciplina
1018 1220 1150 1300 nai‘alis

95 1346 129 1399 et
150 1333 266 1421 ¹gloria
290 1331 593 1406 remansit-sed
615 1352 703 1418 quae
728 1331 846 1395 civitas
866 1353 1030 1418 umquam
1051 1346 1151 1399 antea

93 1445 164 1498 tam
178 1434 304 1507 tenuis,
319 1453 408 1518 quae
419 1442 489 1495 tam
502 1443 610 1515 parva
626 1432 738 1496 insula
756 1431 829 1505 fuit,
844 1453 933 1518 quae
950 1453 1018 1497 non
1035 1446 1151 1518 portus

94 1556 176 1599 suos
200 1544 234 1598 et
255 1554 357 1620 agros
382 1543 415 1596 et
438 1531 588 1617 aliquam
613 1543 745 1616 partem
768 1532 919 1618 regionis
944 1545 1044 1619 atque
1068 1555 1150 1598 orae

91 1634 290 1698 maritimae
304 1654 365 1718 per
376 1653 413 1697 se
427 1631 501 1716 ipsa
514 1629 734 1723 desmpgrgt?
765 1630 813 1696 At
828 1632 1004 1717 (hercule)
1022 1632 1151 1719 aliquot

91 1755 207 1799 annos
221 1733 399 1797 continuos
412 1741 489 1794 ante
506 1698 823 1817 leffi'ssabiniam
841 1731 898 1795 ille
915 1732 1061 1816 populus
1078 1732 1151 1798 Ro·

91 1856 235 1908 manus,
253 1832 351 1919 cujus
375 1851 483 1916 usque
509 1831 553 1894 ad
574 1842 722 1895 nostram
740 1831 940 1895 memoriam
958 1853 1083 1897 nornen
1100 1833 1150 1898 in·

90 1935 225 2000 victum
253 1933 288 1996 in
317 1931 496 1995 navalibus
524 1931 652 2017 pugnis
683 1931 922 2016 prmanserit,
948 1953 1077 2020 magna
1109 1954 1164 2005 ac,
1220 2002 1224 2009 ,

1 2051 2 2068 ’
91 2035 203 2098 multo
221 2031 373 2095 maxima
389 2042 485 2116 parte
501 2051 570 2094 non
588 2030 691 2096 modo
707 1952 951 2105 ffied
974 2032 1150 2120 dignitatis

90 2146 197 2222 atque
215 2132 337 2217 imperi
354 2130 473 2195 caruit.
524 2147 568 2194 55.
588 2129 676 2206 Nos,
694 2152 838 2217 quorum
865 2131 1011 2219 majores
1029 2131 1151 2217 Antio-

88 2236 200 2301 chum
219 2253 338 2320 regem
355 2232 465 2296 classe
479 2229 675 2324 Persenque
692 2243 908 2316 superarunt,
922 2230 1150 2320 omnibusque
1167 2240 1169 2243 ’

87 2335 278 2401 navalibus
298 2332 425 2420 pugnis
444 2332 760 2419 Karthaginiensis,
784 2332 940 2398 homines
963 2332 999 2398 in
1024 2333 1150 2398 mariti-

88 2437 159 2502 mis
183 2437 288 2501 rebus
312 2433 611 2498 exercitatissimos
640 2431 956 2519 paratissimosque,
980 2433 1147 2509 vicerunt,

81 2538 133 2641 ‚eg
139 2537 239 2601 nullo
256 2535 291 2600 in
308 2534 385 2600 loco
397 2532 469 2621 jam
484 2532 713 2619 praedonibus
727 2554 827 2617 pares
841 2555 917 2598 esse
932 2547 1148 2618 poteramus:

89 2660 168 2712 nos,
183 2636 244 2724 qui
259 2647 359 2699 antea
376 2655 444 2698 non
463 2635 564 2698 modo
578 2632 712 2697 Italiam
726 2634 832 2697 tutam
846 2634 1072 2707 habebamus,
1087 2634 1148 2699 sed

92 2740 205 2803 omnis
222 2736 335 2801 socios
351 2735 386 2799 in
398 2733 525 2798 ultimis
538 2733 606 2797 oris
620 2732 817 2796 auctoritate
831 2733 934 2797 nostri
948 2733 1068 2818 imperi
1082 2734 1150 2798 sal·

94 2860 152 2904 vos
169 2847 348 2923 praestare
365 2846 574 2918 poteramus,
586 2840 713 2895 -tum
726 2852 805 2895 cum
820 2831 930 2895 insula
945 2831 1063 2921 Delos,
1079 2844 1148 2897 tam

92 2937 214 3024 procul
231 2935 363 3000 anobis
380 2933 414 2997 in
428 2931 573 3019 Aegaeo
590 2931 675 2995 mari
693 2930 814 3016 posita,
830 2952 897 3017 quo
914 2927 1149 2997 om‘ire's‘undi-

89 3059 158 3125 que
175 3058 257 3102 curn
275 3034 445 3117 mercibus
462 3044 563 3119 atque
580 3031 744 3129 operibus
758 3032 1009 3106 commeabant,
1025 3030 1148 3097 referta

88 3138 232 3213 divitiis,
252 3124 465 3222 paiua'ssine
486 3153 596 3205 muro,
614 3132 699 3197 aihil
724 3131 875 3206 timebat,
890 3132 1054 3196 -eidem
1080 3154 1148 3198 non

89 3240 195 3303 modo
220 3234 406 3322 provinciis
431 3245 532 3319 atque
556 3232 623 3296 oris
646 3231 764 3296 Italiae
783 3230 959 3295 maritimis
977 3252 1018 3295 ac
1034 3245 1149 3317 portu-

87 3338 155 3402 bus
172 3335 312 3408 nostris,
327 3334 387 3399 sed
404 3333 507 3397 etiam
520 3330 644 3420 AAEPE.
647 3331 721 3419 jam
740 3331 795 3393 via
809 3330 1033 3404 carebamus;
1053 3344 1086 3396 et
1098 3332 1148 3397 eis

87 3437 305 3523 temporibus
321 3455 390 3498 nou
407 3426 557 3518 pudebat
574 3433 791 3523 magistratus
804 3430 924 3514 populi
942 3430 1092 3525 Romaqi
1113 3432 1147 3496 in

88 3538 185 3602 hunc
209 3538 323 3622 ipsum
347 3534 458 3598 locum
477 3531 675 3605 escend‘e'r‘ffi
695 3551 779 3616 cum
790 3524 868 3593 euni
886 3526 984 3595 nobis
1001 3518 1147 3620 majores
1170 3520 1265 3597 ,tib

88 3638 197 3701 nostri
217 3632 352 3701 exuviis
372 3632 517 3697 nauticis
534 3641 567 3695 et
582 3629 744 3695 classium
762 3630 879 3714 spoliis
895 3642 1053 3694 ornatum
1070 3630 1147 3723 [eli-⁴
1212 3659 1217 3667 ·
1277 3626 1282 3637 ’

140 3856 213 3900 xrx.
237 3852 284 3899 ss.
308 3833 407 3899 Bono
431 3843 463 3897 te
488 3831 603 3896 animo
627 3839 712 3904 tum,
735 3830 789 3913 Q
804 3828 980 3904 Hortensi,
999 3831 1146 3914 populus

89 3934 275 4002 Romanus
289 3945 323 4000 et
335 3944 465 3999 ceteros
478 3930 535 4018 qui
548 3941 645 3995 erant
657 3929 692 3993 in
706 3931 828 3995 eadem
839 3929 1018 4004 sententia,
1032 3930 1145 3994 dicere
