2760 4448
140 274 176 327 iv·
188 270 230 342 n]
362 273 460 371 Horu
482 274 525 340 Ire
547 275 662 340 thz'nks
684 283 719 340 to
740 273 893 363 Escape.
1118 292 1160 363 27

116 455 267 540 ¹structum
288 469 325 537 in
344 473 515 562 judicium
531 473 662 551 venire,
679 486 717 540 ut
739 497 809 541 non
833 475 936 542 modo
960 477 996 544 in
1019 479 1158 547 auribus

130 575 236 649 restris,
252 576 311 638 sed
328 575 364 637 in
382 575 492 639 oculis
513 575 680 649 omnium,
698 595 762 639 sua
786 575 875 639 surra
899 590 1001 664 atque
1025 579 1157 667 flagitia

124 673 275 738 defixurus
312 673 394 738 sim.
441 674 548 740 Videt
584 687 759 739 senatores
798 677 923 742 multos
961 700 1037 745 esse
1064 683 1158 746 testis

122 773 264 837 audaciae
278 795 386 848 suae3
404 774 496 838 videt
513 775 636 838 multos
652 773 783 860 equites
801 775 981 843 Romanos
998 778 1156 866 frequen·
1255 816 1259 825 ι

119 872 152 937 tis
171 884 339 958 praeterea
365 873 452 938 civis
476 884 577 959 atque
605 873 730 950 socios,
756 875 881 962 quibus
908 877 982 962 ipse
1010 878 1157 966 insignis

117 971 238 1058 injurias
260 972 396 1037 fecerit.
445 972 551 1038 Videt
574 973 677 1038 etiam
701 985 840 1041 tottam
865 977 981 1064 gravis
1005 978 1049 1043 ab
1073 979 1158 1042 ami-

114 1070 242 1136 cissimis
271 1072 471 1137 civitatibus
498 1073 702 1160 legationes,
728 1090 807 1140 cum
836 1077 981 1162 publicis
1011 1079 1156 1144 auctori·

113 1171 220 1236 tatibus
258 1172 479 1237 convenisse.
527 1189 555 1235 s.
580 1172 683 1260 Quae
720 1196 799 1241 cum
837 1177 885 1240 ita
928 1177 1007 1253 sint,
1047 1199 1156 1265 usque

113 1291 146 1334 eo
166 1272 205 1336 de
225 1272 390 1338 omnibus
411 1273 510 1339 bonis
533 1275 623 1339 male
646 1275 839 1350 existimat3
863 1298 972 1363 usque
994 1299 1035 1343 eo
1057 1300 1158 1344 sena·

110 1370 182 1432 toria
201 1370 334 1458 judicia
360 1375 494 1458 perdita
519 1375 767 1461 profligataque
795 1396 871 1441 esse
899 1377 1094 1454 arbitratur,
1121 1389 1157 1443 ut

111 1468 166 1532 hoc
176 1471 290 1554 palam
303 1472 452 1549 dictitet,
465 1496 533 1539 non
547 1475 620 1539 sine
633 1496 739 1540 causa
753 1496 790 1540 se
807 1476 971 1561 cupidum
989 1477 1157 1562 pecuniae

110 1566 212 1644 luisse,
226 1573 398 1657 quoniam
416 1573 450 1637 in
468 1574 614 1659 pecunia
630 1586 762 1639 tantum
776 1575 985 1659 praesidium
999 1575 1157 1660 experia-

109 1677 156 1731 tur
173 1691 269 1735 esse:
304 1695 391 1738 sese
413 1675 465 1760 (id
489 1675 579 1760 quod
603 1674 842 1740 difficillimum
868 1674 986 1758 suerit)
1021 1686 1157 1760 tempus

109 1765 208 1852 ipsum
239 1773 372 1839 emisse
400 1774 507 1863 judici
539 1775 606 1849 sui,
630 1795 699 1860 quo
730 1786 844 1839 cetera
875 1773 1010 1840 facilius
1041 1796 1157 1840 emere

111 1882 214 1952 postea
229 1886 373 1957 posset3
396 1886 444 1948 ut,
458 1874 620 1960 quoniam
638 1874 818 1938 criminum
832 1873 901 1938 vim
918 1874 1156 1963 subterfugere

110 1970 312 2039 nullomodo
331 1985 475 2059 poterat,
491 1975 678 2059 procellam
694 1973 857 2059 temporis
872 1974 1049 2039 devitaret.

147 2085 172 2131 ⁹·
193 2071 303 2156 Quod
326 2075 358 2139 si
382 2096 451 2139 non
471 2076 572 2139 modo
589 2074 624 2138 in
642 2095 760 2149 causa,
777 2095 897 2139 verum
914 2075 948 2138 in
966 2075 1080 2162 aliquo
1096 2076 1158 2142 ho-

110 2183 193 2236 nesto
212 2174 404 2258 praesidio,
423 2185 482 2238 aut
502 2173 536 2238 in
562 2174 706 2262 alicujus
730 2174 924 2260 eloquentia
949 2187 1007 2239 aut
1030 2175 1155 2261 gratia,

110 2291 194 2355 spem
221 2276 380 2362 aliquam
407 2275 632 2348 conlocasset,
659 2272 809 2358 profecto
837 2294 906 2338 non
930 2274 1017 2338 haec
1041 2274 1157 2339 omnia

110 2372 288 2461 conligeret
305 2387 410 2460 atque
433 2384 682 2458 aucuparetur3
710 2395 780 2437 non
804 2394 913 2459 usque
936 2394 978 2439 eo
1002 2374 1157 2458 despice·

111 2484 155 2536 ret
174 2486 476 2561 contemneretque
498 2473 655 2538 ordinem
683 2473 905 2547 senatorium,
930 2484 967 2538 ut
994 2473 1156 2538 arbitratu

110 2570 174 2655 ejus
195 2576 409 2663 deligeretur
432 2596 476 2639 ex
501 2584 635 2648 senatu,
659 2572 717 2658 qui
741 2594 819 2638 reus
842 2573 958 2647 fieret3
982 2573 1054 2658 qui,
1072 2574 1156 2639 dum

112 2667 161 2735 bic
190 2694 284 2760 quae
321 2697 408 2760 opus
444 2684 558 2740 essent
595 2685 823 2757 compararet,
852 2693 994 2738 causam
1026 2673 1157 2741 interea

116 2782 178 2836 ante
206 2797 291 2839 eum
324 2776 463 2840 diceret.
511 2790 554 2837 ro.
578 2772 717 2857 Qubus
749 2794 816 2860 ego
847 2774 948 2838 rebus
980 2772 1061 2859 quid
1093 2773 1156 2839 iste

118 2887 221 2953 speret,
263 2885 299 2938 et
332 2896 400 2961 quo
435 2874 588 2938 animum
628 2873 793 2947 intendat,
831 2871 931 2938 facile
971 2871 1152 2957 perspicio.

114 2967 215 3057 Quam
237 2977 285 3042 ob
302 2996 376 3040 rem
392 2990 473 3039 vero
489 2996 527 3039 se
543 2973 694 3038 confidat
710 2972 841 3058 aliquid
858 2973 1021 3057 perficere
1039 2993 1153 3057 posse,

115 3069 168 3138 hoc
180 3088 352 3160 praetore,
371 3085 404 3140 et
419 3075 486 3139 hoc
507 3073 663 3149 consili0,
682 3073 883 3160 intellegere
907 3095 976 3138 non
1001 3094 1151 3157 possum.

114 3168 216 3240 Unum
229 3176 317 3242 illud
329 3175 493 3262 intellego
509 3175 618 3261 (quod
632 3174 780 3259 populus
798 3174 979 3238 Romanus
996 3172 1031 3236 in
1048 3173 1155 3260 rejec-

115 3272 190 3341 tione
202 3278 358 3366 judicum
373 3274 573 3364 judicavit),
587 3295 630 3339 ea
647 3296 708 3359 spe
724 3273 827 3338 istum
842 3272 946 3337 fuisse
962 3273 1153 3357 praeditum

114 3386 143 3437 ut
168 3399 303 3443 omnem
335 3376 509 3441 rationem
533 3374 653 3440 salutis
683 3374 719 3438 in
743 3373 891 3459 pecunia
915 3373 1152 3449 constitueret;

116 3470 170 3540 hoc
190 3491 307 3564 erepto
331 3476 515 3563 praesidio,
540 3485 578 3539 ut
605 3475 736 3538 nullam
764 3472 828 3539 sibi
855 3494 930 3538 rem
958 3472 1153 3561 adjumento

116 3571 174 3641 lore
189 3580 422 3644 arbitraretur.

151 3694 197 3741 Ν.
222 3679 359 3743 Etenim
384 3676 475 3762 quod
500 3685 551 3740 est
573 3673 751 3761 ingenium
775 3683 921 3750 tanturn,
945 3694 1035 3759 quae
1058 3684 1152 3740 tanta

115 3771 245 3844 facultas
268 3778 405 3843 dicendi
426 3787 484 3840 aut
505 3775 618 3858 copia,
636 3795 725 3860 quae
747 3773 843 3838 istius
858 3774 977 3846 vitam,
995 3783 1043 3837 tot
1063 3773 1151 3840 vitiis

115 3871 308 3964 flagitiisque
339 3875 543 3947 convictam,
565 3875 771 3961 jampridem
801 3875 953 3938 omnium
978 3873 1151 3938 voluntate

113 3970 295 4064 judicioque
323 3977 534 4059 damnatam,
562 3973 677 4058 aliqua
706 3996 748 4038 ex
777 3986 873 4059 parte
902 3971 1007 4057 possit
1034 3971 1152 4036 desen-
