2572 4442
186 340 253 429 156
436 339 583 408 Cr'cero's
606 341 715 407 Exile
736 343 811 408 and
832 342 984 409 Beturri.
1082 338 1227 408 [5¹³⁵wa

185 542 392 619 viderentur,
403 563 537 607 -curn
555 540 769 627 proscriptio,
788 542 927 617 caedes,
944 539 1088 627 direptio
1105 545 1229 610 denun-

185 644 344 719 tiaretur;
387 664 466 708 cum
504 643 562 706 alii
599 663 654 706 me
689 642 875 726 suspitione
907 642 1051 726 periculi
1084 646 1137 710 sui
1169 668 1231 711 non

185 744 419 817 defenderent,
442 741 499 805 alii
515 752 629 806 vetere
646 741 725 806 odio
741 742 908 806 bonorum
925 744 1162 822 incitarentur,
1178 746 1232 810 alii

184 845 389 917 inviderent,
416 842 474 907 alii
498 842 633 906 obstare
657 841 722 905 sibi
748 861 801 906 me
826 842 1083 926 arbitrarentur,
1106 848 1165 912 alii
1187 847 1233 909 ul-

183 946 267 1012 cisci
295 945 448 1010 dolorem
476 942 626 1027 aliquem
655 963 754 1006 suum
783 944 923 1022 vellent,
946 948 1004 1013 alii
1029 972 1103 1014 rem
1128 948 1233 1033 ipsam

185 1046 358 1133 publicam
383 1055 484 1130 atque
509 1044 601 1107 hunc
620 1042 789 1108 bonorum
808 1058 934 1112 statum
953 1049 1131 1136 otiumque
1150 1046 1234 1112 odis·

185 1159 272 1224 sent,
291 1159 324 1213 et
339 1148 382 1212 ob
402 1148 507 1211 hasce
529 1166 655 1211 causas
678 1156 727 1210 tot
748 1157 890 1234 tamque
913 1149 1028 1215 varias
1052 1171 1109 1214 me
1133 1165 1233 1211 unum

185 1247 727 1334 deposcerent-depugnarem
759 1248 871 1333 potius
904 1271 983 1314 cum
1010 1270 1148 1315 summo
1171 1265 1233 1310 non

184 1350 298 1414 dicam
326 1350 443 1432 exitio,
465 1349 527 1414 sed
555 1347 708 1434 periculo
733 1360 825 1413 certe
848 1360 960 1415 vestro
979 1350 1234 1432 ‘liberorumque

184 1460 374 1515 vestrorum
398 1471 502 1537 quarn
523 1448 628 1536 [non]
649 1448 697 1523 id,
716 1449 809 1535 quod
827 1450 985 1515 omnibus
1003 1447 1232 1534 impendebat,

184 1572 273 1615 unus
297 1573 359 1637 pro
382 1551 541 1616 omnibus
565 1549 776 1634 susciperem
801 1569 842 1613 ac
865 1547 1037 1614 subirem?

229 1670 277 1717 aa.
303 1651 416 1718 ‘Victi
440 1662 555 1717 essent
577 1649 750 1735 improbi.’
796 1647 845 1713 At
865 1648 971 1725 cives,
990 1660 1025 1713 at
1047 1649 1091 1714 ab
1112 1670 1154 1714 eo
1173 1643 1234 1731 pri-

185 1766 277 1828 vato,
292 1752 435 1840 quisine
450 1751 554 1816 armis
567 1750 671 1814 etiam
684 1748 805 1813 consul
821 1769 893 1813 rem
910 1748 1084 1833 publicam
1104 1765 1234 1814 conser-

184 1866 293 1918 varat.
343 1852 407 1918 Sin
422 1851 502 1916 victi
521 1849 751 1923 essent‘boni,
769 1848 828 1934 qui
852 1847 1093 1934 superessent?
1126 1863 1233 1911 nonne

187 1954 230 2017 ad
247 1975 364 2018 servos
379 1952 502 2016 videtis
520 1972 592 2015 rem
609 1949 784 2035 publicam
803 1959 984 2012 venturam
1007 1947 1137 2014 fuisse?
1183 1943 1233 2008 An

187 2051 373 2138 mihiipsi,
399 2062 436 2116 ut
459 2051 600 2137 quidam
624 2060 756 2134 putant,
783 2048 847 2113 suit
871 2069 962 2114 mors
985 2068 1096 2135 aequo
1125 2046 1232 2112 animo

186 2149 402 2238 oppetenda?
434 2148 553 2237 Quid?
584 2160 655 2213 tum
674 2160 863 2214 mortemne
879 2146 1078 2236 fugiebam?
1107 2170 1152 2213 an
1170 2155 1233 2211 erat

186 2275 241 2318 res
257 2253 328 2317 ulla
345 2272 447 2337 quam
462 2250 544 2314 mihi
562 2249 675 2337 magis
687 2250 876 2334 optandam
893 2247 1071 2334 putarem?
1100 2261 1159 2314 aut
1174 2266 1231 2332 ego

157 2403 166 2431 ,.
186 2354 264 2418 illas
287 2374 341 2418 res
365 2363 477 2416 tantas
500 2350 535 2414 in
559 2361 652 2414 tanta
677 2350 910 2435 improborum
928 2348 1144 2414 multitudine
1161 2366 1232 2413 cum

187 2453 365 2540 gerebam,
384 2474 452 2515 non
468 2450 553 2514 mihi
577 2472 681 2525 mors,
699 2472 768 2514 non
789 2449 933 2514 exitium
957 2449 1001 2513 ob
1025 2451 1145 2515 oculos
1166 2467 1232 2512 ver·

182 2550 347 2616 sabatur?
378 2573 447 2616 non
472 2552 558 2614 haec
582 2550 730 2636 denique
755 2571 777 2612 a
799 2570 855 2613 me
878 2559 949 2613 tum
972 2559 1149 2636 tamquam
1171 2548 1233 2612 sata

186 2652 222 2715 in
242 2652 317 2737 ipsa
336 2673 372 2715 re
392 2651 545 2739 gerenda
567 2646 801 2714 canebantur?
845 2665 894 2713 aa.
917 2647 975 2712 An
1000 2660 1074 2714 erat
1097 2649 1180 2714 mihi
1200 2645 1232 2708 in

184 2763 280 2816 tanto
304 2753 396 2816 luctu
421 2773 589 2825 meorum,
618 2761 712 2813 tanta
736 2749 960 2836 dijunctione‚
987 2759 1082 2813 tanta
1110 2745 1232 2831 acerbi-

187 2863 267 2927 tate,
290 2863 384 2916 tanta
408 2850 610 2936 spoliatione
634 2849 788 2913 omniurn
812 2869 940 2921 rerum,
962 2870 1050 2934 quas
1075 2849 1157 2913 mihi
1182 2856 1232 2913 aut

188 2965 309 3019 natura
342 2963 400 3015 aut
429 2951 564 3015 fortuna
598 2950 752 3022 dederat,
781 2948 851 3012 vita
884 2948 1087 3013 retinenda?
1147 2950 1230 3013 Tam

187 3076 281 3119 eram
298 3053 405 3125 rudis
424 3061 493 3115 tarn
511 3049 653 3135 ignarus
669 3068 796 3121 rerum,
815 3058 885 3111 tarn
903 3069 1031 3132 expers·
1046 3049 1163 3114 consili
1182 3054 1232 3112 aut
1265 3114 1266 3133 χ

187 3151 328 3241 ingeni?
364 3150 448 3215 nihil
480 3145 679 3213 audieram?
723 3146 807 3210 nihil
843 3146 1016 3213 videram?
1052 3149 1138 3213 nihil
1164 3149 1231 3233 ipse
1265 3210 1266 3223 ,

187 3254 336 3340 legendo
352 3250 617 3337 quaerendoque
634 3245 887 3334 cognoveram?
924 3245 1133 3313 Nesciebam
1150 3249 1231 3313 vitae

186 3355 326 3419 brevem
343 3371 419 3416 esse
436 3371 587 3422 cursum,
606 3347 738 3434 gloriae
754 3346 1022 3433 sempiternum?
1055 3370 1134 3413 cum
1151 3355 1232 3413 esset

185 3452 346 3518 omnibus
374 3450 512 3514 definita
540 3470 645 3522 mors,
669 3448 857 3531 optandum
886 3468 961 3511 esse
984 3460 1022 3512 ut
1045 3449 1128 3524 vita,
1150 3465 1230 3535 quae

188 3549 381 3617 necessitati
425 3549 617 3623 deberetur,
654 3546 785 3633 patriae
825 3546 936 3632 potius
972 3547 1098 3612 donata
1135 3566 1229 3636 quam

187 3660 361 3719 reservata
392 3660 535 3712 naturae
565 3645 760 3712 videretur?
804 3646 1014 3712 Nesciebam
1038 3647 1127 3713 inter
1150 3646 1230 3732 sapi·

186 3751 382 3819 entissimos
406 3748 562 3812 homines
587 3749 677 3811 hanc
701 3747 952 3812 contentionem
977 3748 1095 3823 fuisse,
1117 3761 1154 3813 ut
1180 3744 1228 3811 alii

188 3855 341 3919 dicerent
360 3849 491 3913 animos
512 3849 689 3912 hominurn
713 3868 902 3933 sensusque
926 3860 1032 3913 morte
1057 3847 1226 3936 restingui,

188 3954 247 4017 alii
272 3964 385 4015 autem
409 3960 480 4012 tum
501 3947 624 4010 mentis
645 3948 794 4010 maxime
813 3947 1017 4030 sapientium
1041 3970 1082 4013 ac
1102 3949 1227 4014 sortium

188 4053 351 4124 virorum,
374 4069 452 4113 curn
477 4068 521 4110 ex
545 4066 686 4129 corpore
711 4045 952 4121 excessissent,
973 4048 1099 4113 sentire
1125 4071 1164 4113 ac
1185 4046 1226 4110 vi-
