2572 4442
243 273 307 342 144
516 251 730 344 Ct'tt'zenskzp
753 254 800 345 qs
812 252 989 320 ΑνεΙιίαε.
1184 251 1262 324 [Alce

361 352 422 433 κίτ
997 398 1017 429 0

242 452 314 538 Qui
345 454 559 520 sedulitatem
593 455 673 519 mali
705 459 825 542 poetae
858 452 1006 521 duxerit
1037 453 1152 542 aliquo
1186 465 1262 523 tame

240 555 394 639 praemio
418 554 573 642 dignam,
593 554 693 641 hujus
717 554 899 642 ingenium
928 565 965 619 et
983 554 1144 619 virtutem
1164 554 1197 618 in
1218 560 1262 643 scr]

239 652 353 719 bendo
385 665 418 719 et
449 655 582 740 copiam
614 676 683 719 non
718 653 931 740 expetisset?
993 671 1044 718 26.
1070 653 1186 739 Quid?
1209 655 1262 723 a(

240 752 383 819 Metello
414 753 489 828 Pio,
519 753 784 819 familiarissimo
812 777 888 832 suu,
922 753 986 842 qui
1017 754 1156 820 civitate
1184 757 1262 820 multi

240 853 390 930 donavit,
409 875 520 941 neque
537 876 651 939 perse
670 875 781 941 neque
803 877 865 942 per
888 854 1070 921 Lucullos
1095 854 1262 941 impetravi

240 953 312 1019 set?
348 954 406 1041 qui
437 953 637 1040 praesertim
665 976 774 1042 usque
805 978 847 1020 eo
878 956 927 1021 de
961 956 1039 1022 suis
1072 957 1175 1020 rebus
1204 954 1262 1019 scril

239 1067 391 1139 cuperet,
414 1067 450 1118 ut
473 1054 576 1119 etiam
600 1052 784 1120 Cordubae
801 1056 890 1121 natis
908 1056 1043 1142 poetis,
1063 1055 1194 1142 pingue
1208 1053 1262 1139 quii

240 1155 319 1218 darn
344 1154 543 1220 sonantibus
568 1164 669 1241 atque
692 1156 933 1243 peregrinum,
961 1168 1087 1225 tamen
1111 1155 1202 1221 auris
1223 1172 1262 1217 sua

239 1254 416 1345 dederet]

283 1373 334 1417 Χῖ.
361 1353 485 1441 Neque
509 1354 601 1420 enim
625 1366 676 1420 est
699 1355 765 1421 hoc
788 1355 1091 1422 dissimulandum
1117 1351 1223 1442 (quod
1239 1350 1262 1415 ol

239 1455 369 1521 scurari
393 1478 462 1520 non
486 1456 612 1542 potest)
641 1455 702 1521 sed
726 1477 810 1541 prae
838 1457 939 1522 nobis
971 1456 1183 1522 ferendum:
1202 1451 1262 1516 trab

239 1578 316 1620 mur
337 1578 457 1622 omnes
479 1556 590 1621 studio
616 1555 741 1630 laudis,
756 1568 789 1621 et
805 1557 957 1642 optimus
975 1557 1132 1645 quisque
1158 1551 1262 1617 maxim

239 1656 350 1745 gloria
368 1655 511 1721 ducitur.
547 1655 617 1741 Ipsi
635 1656 683 1719 illi
700 1655 911 1742 philosophi,
927 1658 1040 1722 etiam
1058 1656 1094 1720 in
1113 1655 1164 1720 eis
1182 1646 1262 1716 libelli

239 1778 325 1843 quos
355 1756 399 1821 de
430 1756 680 1821 contemnenda
706 1755 817 1843 gloria
845 1756 1016 1830 scribunt,
1049 1774 1179 1820 nomen
1203 1768 1262 1815 suut

237 1855 448 1920 inscribunt:
473 1856 507 1920 in
525 1877 566 1921 eo
584 1855 670 1941 ipsu,
688 1855 724 1919 in
740 1877 808 1942 quo
824 1856 1129 1941 praedicationem
1150 1848 1262 1916 nobilita

237 1966 375 2041 temque
399 1955 603 2040 despiciunt,
631 1955 821 2040 praedicari
846 1956 889 2021 de
914 1977 951 2021 se
978 1977 1024 2021 ac
1052 1948 1220 2020 nominari
1236 1966 1262 2025 vu

238 2055 323 2119 lunt.
386 2070 432 2117 27.
461 2053 626 2118 Decimus
654 2055 794 2167 quidem
827 2053 967 2132 Brutus,
1000 2073 1165 2121 summus
1190 2039 1262 2204 vir]

238 2154 434 2239 imperator,
449 2152 550 2228 Acci,
566 2154 763 2218 amicissimi
780 2155 845 2231 sui,
860 2156 1079 2220 carminibus
1096 2150 1250 2235 temploru

239 2276 280 2319 ac
312 2264 608 2318 monumentorum
641 2253 752 2319 aditus
784 2256 964 2320 exornavit
999 2274 1161 2322 suorum.
1214 2245 1261 2331 Jass

237 2376 320 2420 vero
336 2353 406 2429 ille,
425 2352 578 2439 quicum
595 2351 727 2418 Aetolis
751 2353 865 2420 Ennio
889 2356 1015 2422 comite
1041 2349 1197 2422 bellavit,
1214 2340 1261 2425 Fut

238 2454 326 2528 vius,
342 2475 410 2518 non
427 2451 594 2518 dubitavit
605 2451 729 2518 Martis
746 2455 926 2519 manubias
943 2454 1064 2521 Musis
1081 2460 1260 2520 consecrare

240 2553 320 2638 Qua
342 2574 379 2618 re
401 2552 523 2640 inqua
544 2553 628 2617 urbe
650 2554 873 2638 imperatores
898 2576 1005 2640 prope
1033 2549 1159 2619 armati
1182 2548 1260 2633 poelt

237 2676 314 2718 rum
337 2675 464 2718 nomen
488 2665 520 2717 et
542 2651 722 2718 Musarum
740 2653 884 2717 delubra
901 2655 1098 2727 coluerunt,
1118 2651 1153 2715 iu
1170 2666 1208 2713 ea
1222 2658 1260 2706 1101

237 2755 364 2820 debent
378 2752 483 2841 togati
496 2753 631 2841 judices
648 2773 668 2817 a
682 2751 864 2817 Musarum
880 2754 1010 2819 honore
1028 2767 1063 2820 et
1080 2774 1101 2818 a
1118 2753 1259 2837 poetam]

237 2856 346 2921 salute
371 2854 566 2918 abhorrere

280 2970 327 3018 as.
350 2952 464 3039 Atque
480 2964 516 3016 ut
531 2952 566 3017 id
582 2951 741 3017 libentius
757 2952 931 3027 faciatis,
917 2974 990 3040 jam
1007 2976 1065 3020 me
1078 2949 1188 3024 vobis,
1202 2914 1259 3055 jtldl

237 3077 307 3129 ces,
327 3052 498 3127 indicab0,
518 3062 550 3115 et
566 3051 609 3115 de
626 3072 703 3114 meo
719 3053 868 3137 quodam
890 3073 1006 3118 amore
1024 3053 1172 3141 gloriae,
1191 3036 1258 3165 ”ml

237 3154 307 3220 acri
332 3153 475 3220 fortasse
497 3137 615 3215 verum
642 3162 756 3214 tamen
781 3152 924 3217 honesto
947 3154 1058 3229 vobis,
1090 3144 1255 3218 confitebor

236 3254 329 3321 Nam
354 3275 440 3340 quas
463 3274 516 3317 res
533 3273 595 3316 nos
611 3251 646 3314 in
663 3251 844 3315 consulatu
860 3264 974 3318 nostro
991 3254 1172 3320 vobiscum
1188 3244 1257 3311 sim

237 3376 298 3439 pro
323 3355 433 3419 salute
458 3352 600 3440 hujusce
625 3350 747 3436 imperi
772 3361 805 3416 et
829 3374 890 3437 pro
912 3352 981 3417 vita
1005 3353 1133 3419 civium
1158 3356 1257 3436 pr0q1¹¹

235 3454 396 3518 universa
433 3474 470 3517 re
506 3452 644 3538 publica
680 3451 863 3539 gessimus,
899 3452 1008 3541 attigit
1043 3454 1100 3520 hic
1134 3442 1256 3515 versibu

236 3567 338 3640 atque
365 3552 559 3617 inchoavit:
595 3552 718 3639 quibus
750 3552 888 3629 auditis,
917 3553 1009 3640 quod
1043 3552 1127 3618 mibi
1158 3552 1256 3627 magnl

236 3678 291 3721 res
316 3665 350 3719 et
372 3652 525 3741 jucunda
543 3652 616 3717 visa
641 3664 704 3728 est,
728 3652 821 3717 hunc
846 3654 891 3719 ad
914 3653 1162 3739 perficiendum
1186 3641 1255 3710 ad⁰s

236 3756 328 3822 navi
378 3753 521 3819 Nullam
543 3753 635 3817 enim
652 3753 758 3818 virtus
782 3753 886 3817 aliam
911 3756 1106 3821 mercedem
1129 3749 1255 3817 laborun

236 3856 534 3945 periculorumque
558 3853 740 3928 desiderat,
763 3862 899 3939 praeter
922 3855 1013 3921 hanc
1036 3854 1146 3922 laudis
1161 3858 1193 3915 et
1205 3840 1255 3949 gll

234 3958 329 4021 riae:
357 3975 425 4041 qua
446 3952 585 4040 quidem
605 3952 770 4029 detracta,
787 3953 935 4042 judices,
955 3955 1038 4042 quid
1061 3968 1113 4023 est
1133 3934 1254 4041 qu0d1t
