2572 4442
42 300 102 340 xm.
115 285 168 355 33]
266 285 458 354 character
481 286 530 374 ιγ’
547 286 604 352 the
632 285 859 375 Conspiracy.
1037 299 1082 375 97

36 394 232 570 &ff
275 485 356 571 (Qua
375 507 412 552 re
431 486 595 587 th
615 486 775 573 improbi,
798 498 979 571 secernant
999 509 1037 553 se
1061 508 1082 553 a

34 589 132 662 bonis,
147 609 258 652 unum
272 588 432 651 inlocum
447 598 713 675 congregentur,
728 608 826 677 muro
842 588 990 674 denique
1007 587 1077 677 [id]

36 689 133 775 (qnod
149 708 259 772 saepe
280 687 353 775 jam
370 687 460 772 dixi)
481 687 718 752 discernantur
738 707 758 751 a
779 686 898 752 nobis:
924 687 1082 752 desinant

34 788 172 854 insidiari
197 787 299 875 Q
316 807 399 852 suae
417 787 562 862 consuli,
581 786 802 852 circumstare
817 786 965 879 tQal
984 807 1082 870 prae·

36 887 98 952 toris
114 887 256 963 urbani,
274 886 432 952 obsidere
449 906 527 950 cum
544 885 670 973 gladiis
687 886 832 961 curiam,
851 886 1029 951 malleolos
1048 897 1082 952 et

34 986 111 1052 taces
127 989 171 1053 ad
188 986 477 1069 inflamffirnanda
494 986 614 1051 urbem
632 1006 855 1071 comparare:
877 985 920 1050 sit
932 985 1080 1072 denique

33 1085 218 1171 inscriptum
246 1087 282 1151 in
294 1087 411 1169 ,fronte
428 1085 530 1150 unius
548 1086 714 1174 cujusque
730 1085 819 1172 quid
830 1086 872 1150 de
889 1107 925 1151 re
943 1085 1080 1171 publica

32 1186 149 1288 Qut.
200 1186 376 1275 Pofligeor
392 1187 459 1251 hoc
474 1184 584 1260 vobis,
604 1197 718 1270 patres
735 1185 932 1271 conscripti,
950 1197 1079 1250 tantam

33 1283 58 1347 in
77 1286 170 1351 nobis
194 1286 398 1352 consulibus
422 1285 494 1352 sore
517 1284 746 1372 diligentiam,
769 1295 898 1349 tantam
923 1284 958 1349 in
981 1286 1079 1351 vobis

33 1385 269 1461 auctoritatem,
291 1396 421 1451 tantam
447 1386 483 1450 in
512 1385 680 1472 equitibus
708 1384 877 1450 Romanis
905 1385 1076 1462 virtutem,

32 1493 142 1548 tantam
172 1486 207 1550 in
238 1487 401 1552 omnibus
428 1486 526 1551 bonis
551 1486 826 1558 consensionem,
847 1495 884 1549 ut
907 1483 1078 1552 Catilinae

34 1584 227 1664 protectione
241 1585 359 1652 omnia
371 1585 555 1688 patesacta‚
570 1586 759 1661 inlustrata,
774 1604 953 1671 oppressa,
967 1584 1078 1650 vindi·

34 1693 94 1745 cata
108 1705 183 1751 esse
200 1686 543 1758 videatis..

67 1800 108 1848 aa.
130 1784 241 1853 Hisce
260 1785 444 1881 ominibus,
463 1785 626 1862 Catilina,
645 1806 722 1851 cum
740 1805 874 1870 sm
893 1784 942 1851 rei
966 1784 1078 1871 publi·

34 1900 82 1947 cae
96 1886 217 1963 salute,
239 1907 319 1951 cum
342 1898 399 1950 tua
420 1899 514 1972 peste
538 1907 579 1951 ac
603 1885 766 1981 Pfflissier
786 1907 933 1974 cumque
957 1907 1076 1952 eorum

35 1983 119 2049 exitio
134 1987 192 2072 qui
211 2007 253 2052 se
272 1996 387 2051 tecum
411 1986 504 2050 omni
528 1987 658 2052 scelere
680 1986 931 2074 parricidioque
951 1988 1013 2076 jun
1041 2008 1077 2052 e·

34 2095 106 2157 runt,
123 2086 346 2169 proficiscere
363 2086 407 2150 ad
423 2085 566 2170 impium
582 2086 712 2151 bellum
729 2107 770 2152 ac
787 2087 967 2152 nefarium.
991 2010 1073 2165 iio,

38 2178 189 2268 Juppiter,
204 2208 267 2274 qur
259 2185 390 2252 'isdem
403 2185 526 2272 quibus
539 2187 626 2252 haec
638 2184 720 2252 urbs
733 2187 895 2272 auspiciis
912 2187 951 2275 [a
967 2187 1075 2254 Rom·

35 2280 94 2368 ulo]
115 2304 150 2350 es
171 2285 378 2352 constitutus
383 2292 578 2388 ,squemt
538 2285 578 2352 St
580 2297 708 2351 atorem
729 2266 945 2375 hh'j‘u's‘h‘rbis
974 2299 1075 2374 atque

37 2376 135 2465 imperi
158 2408 244 2452 vere
268 2385 500 2458 nominamus,
525 2387 616 2451 hunc
640 2396 674 2451 et
696 2386 798 2475 hujus
822 2387 932 2452 socios
960 2408 980 2451 a
1008 2387 1074 2452 tuis

37 2483 203 2573 ceterisque
230 2484 380 2571 templis,
403 2505 422 2549 a
445 2485 542 2550 tectis
565 2486 659 2552 urbis
683 2507 726 2550 ac
748 2486 939 2561 moenibus,
964 2507 984 2550 a
1005 2486 1074 2551 vita

39 2575 227 2674 fortunisque
243 2585 368 2651 civium
387 2584 575 2674 [omnium]
594 2586 739 2662 arcebis,
754 2598 787 2651 et
800 2587 956 2651 homines
967 2587 1073 2652 bono-

40 2696 94 2744 rum
107 2684 281 2762 inimicos,
300 2686 405 2751 hostis
421 2685 565 2771 patriae,
584 2687 733 2751 latrones
752 2685 885 2761 Italiae,
904 2688 1073 2751 scelerum

43 2773 151 2851 foedere
174 2787 266 2852 inter
289 2806 327 2851 se
351 2805 393 2851 ac
409 2785 541 2855 nefaria
557 2784 717 2850 societate
734 2785 947 2872 conjunctos,
967 2795 1075 2851 aeter·

44 2876 80 2969 olo
89 2886 264 2973 suppliciis
280 2884 376 2951 vivos
393 2898 611 2972 mortuosque
627 2883 805 2950 mactabis.
826 2944 840 2981 fi

206 3136 213 3173 l

162 3238 169 3265 Ι
195 3246 247 3337 ἱ2.
282 3270 477 3338 Character
501 3268 550 3356 of
566 3268 623 3334 the
652 3266 877 3356 Conspiracy.

344 3422 442 3473 Before
455 3422 502 3472 the
514 3421 626 3486 People‚
639 3421 713 3470 Nov.
724 3436 749 3487 9.

69 3539 158 3604 When
176 3551 276 3606 Cicero
294 3547 350 3602 had
368 3545 489 3600 finished
508 3545 553 3599 his
570 3545 675 3615 speech
690 3545 746 3600 and
759 3546 843 3601 taken
855 3545 900 3600 his
914 3550 982 3613 seat,
998 3536 1071 3601 Cati-

44 3622 86 3683 lne
101 3641 247 3712 attempted
266 3648 297 3694 to
316 3638 402 3709 reply,
420 3637 470 3693 bnt
483 3653 540 3690 was
557 3636 730 3705 interrupted
748 3635 786 3708 by
802 3637 849 3691 the
869 3638 939 3692 eries
957 3635 1012 3690 and
1029 3653 1071 3689 re·

46 3726 156 3784 onaches
167 3732 199 3786 of
215 3732 263 3785 the
277 3731 419 3785 senators.
445 3727 524 3781 With
537 3726 615 3780 afew
625 3726 803 3798 threatening
812 3727 910 3794 words,
919 3727 955 3782 he
968 3725 1072 3781 rushed

46 3803 99 3866 f¹0m
109 3817 151 3875 the
162 3823 259 3889 house,
272 3819 327 3875 and
339 3818 389 3873 left
405 3819 452 3872 the
469 3819 525 3888 city
538 3818 585 3871 the
603 3833 681 3870 same
700 3817 787 3889 night,
806 3817 848 3870 sor
867 3817 914 3871 the
934 3832 1015 3885 camp
1036 3814 1069 3868 ol

47 3895 157 3966 Manlius.
190 3914 253 3968 The
266 3919 334 3966 next
346 3911 475 3981 morning
487 3909 534 3963 the
548 3908 648 3962 consul
660 3907 819 3962 assembled
831 3908 879 3961 the
896 3906 1002 3977 people,
1015 3904 1072 3958 and

49 4000 184 4058 annlltluced
192 4014 221 4060 to
230 4005 307 4059 thern
316 4002 364 4056 the
374 4017 459 4069 news,
468 3999 496 4052 in
505 4001 551 4053 the
562 3999 734 4069 triumphant
743 3998 847 4068 speech
853 3997 943 4052 which
953 3996 1070 4050 follows.

537 4103 552 4158 7
