2572 4442
95 294 141 363 94
390 273 604 362 conspiracy
628 274 677 361 qs
695 272 858 339 Catilina.
983 269 1104 340 [CATIL.
1127 269 1152 323 1.

97 475 199 552 cinio,
219 484 255 539 ut
271 495 291 539 a
308 495 364 539 me
380 495 450 539 non
466 471 595 562 ejectus
611 474 655 539 ad
675 473 818 549 alienos,
837 471 897 538 sed
921 470 1081 538 invitatus
1106 470 1154 536 ad

96 587 171 642 tuos
188 577 254 641 isse
272 573 432 639 videaris.

81 648 188 767 ffaa.
213 675 435 790 Quamquam
449 673 531 759 quid
544 695 610 761 ego
623 683 655 738 te
672 671 825 753 runem,
839 693 859 737 a
876 694 968 759 quo]
973 693 1028 736 am
1042 692 1153 763 Q

97 800 172 843 esse
188 778 395 863 praemissos
412 796 470 886 qur
462 773 545 837 tibi
564 774 608 837 ad
624 773 654 836 F
656 795 753 837 orum
766 771 1025 868 Aureliuma
912 772 1202 861 praestola-

95 890 212 943 rentur
231 874 374 941 armati?
406 874 460 939 cui
481 872 588 937 sciam
614 884 750 956 pactam
775 884 807 937 et
831 873 1046 937 constitutam
1071 892 1152 934 cum

97 954 229 1042 Manlio
254 974 367 1042 diem?
398 996 419 1039 a
443 996 511 1060 quo
535 972 638 1037 etiam
662 973 813 1058 aquilam
833 973 928 1036 illam
949 982 1151 1058 argenteam

95 1098 199 1163 quam
216 1076 275 1140 tibi
289 1096 330 1140 ac
342 1075 408 1139 tuis
420 1074 657 1139 omnibusn
592 1073 727 1163 copfido
741 1072 968 1156 perniciosam
982 1092 1024 1135 ac
1037 1070 1152 1135 funes·

96 1191 165 1242 tam
180 1177 339 1250 suturam,
354 1175 410 1238 cui
427 1174 519 1239 domi
535 1185 613 1238 tuae
628 1172 815 1236 sacrarium
830 1173 998 1236 scelerum
1015 1183 1151 1236 tuorum

97 1277 314 1341 constitutum
334 1274 407 1350 suit,
430 1274 537 1339 sciam
558 1295 634 1338 esse
658 1270 906 1358 praemissam?
951 1271 1008 1335 Tu
1031 1284 1069 1336 ut
1091 1272 1166 1362 Q

97 1397 214 1440 carere
239 1374 363 1440 diutius
411 1374 510 1447 ossis,
529 1395 633 1459 quam
652 1372 809 1438 venerari
828 1373 872 1437 ad
889 1373 1031 1437 caedem
1049 1374 1152 1457 profi·

97 1451 230 1541 ffis
247 1475 395 1547 solebas,
414 1495 434 1538 a
451 1473 548 1561 cujus
568 1474 731 1538 altaribus
756 1494 860 1557 saepe
884 1473 984 1537 istam
1008 1474 1151 1558 impiam

97 1577 273 1641 dexteram
302 1575 346 1638 ad
374 1595 494 1639 necem
524 1573 650 1637 civium
680 1571 901 1638 transtulisti?
931 1593 985 1638 fx.
1010 1592 1056 1639 aa.
1081 1573 1151 1639 Ibis

96 1677 235 1739 tandem
248 1673 446 1760 aliquand0,
461 1695 528 1759 quo
541 1686 573 1737 te
586 1673 658 1760 jam
676 1673 808 1758 pridem
826 1674 889 1738 ista
905 1686 963 1738 tua
980 1675 1151 1760 cupiditas

97 1774 262 1840 effrenata
287 1794 328 1837 ac
352 1772 478 1838 furiosa
503 1774 668 1857 rapiebat.
717 1772 842 1860 Neque
867 1776 958 1838 enim
982 1775 1042 1840 tibi
1063 1776 1152 1839 haec

96 1896 151 1938 res
171 1872 280 1937 adfert
303 1873 468 1947 dolorem,
487 1874 548 1937 sed
571 1873 745 1959 quandam
771 1874 1006 1939 incredibilem
1030 1875 1152 1959 volup-

96 1985 211 2037 tatem.
260 1970 318 2036 Ad
337 1973 427 2035 hanc
443 1985 475 2036 te
492 1972 676 2036 amentiam
695 1984 816 2037 natura
834 1974 976 2059 peperit,
992 1976 1150 2040 voluntas

96 2070 261 2145 exercuit,
288 2070 422 2134 fortuna
449 2071 609 2135 servavit.
659 2071 859 2158 Numquam
887 2086 923 2138 tu
952 2096 1020 2139 non
1049 2075 1150 2139 modo

95 2171 215 2243 otium,
234 2169 295 2234 sed
313 2191 355 2234 ne
371 2170 498 2235 bellum
515 2171 654 2256 quidem
671 2171 735 2236 nisi
753 2172 921 2238 nefarium
946 2174 1152 2259 concupisti,

96 2270 252 2353 ωε
270 2291 306 2334 es
324 2291 367 2334 ex
385 2270 523 2354 perditis
537 2284 637 2356 atque
652 2271 695 2335 ab
708 2272 801 2336 omni
819 2295 887 2337 non
902 2276 1003 2340 modo
1016 2274 1150 2339 fortuna

95 2392 215 2435 verum
239 2369 341 2433 etiam
364 2391 425 2454 spe
442 2370 611 2435 derelictis
628 2370 810 2436 conflatam
828 2372 1060 2457 improborum
1078 2396 1151 2439 ma·

96 2493 191 2535 num.
239 2487 288 2534 aa.
312 2469 380 2534 Hic
396 2481 432 2533 tu
448 2490 516 2556 qua
537 2470 664 2559 laetitia
688 2471 883 2555 perfruere!
915 2474 1038 2559 quibus
1063 2495 1149 2561 gau·

97 2571 162 2635 diis
186 2568 393 2636 exsultabisl
425 2582 554 2655 quanta
578 2569 611 2633 in
632 2570 803 2656 voluptate
822 2573 1051 2647 bacchabere,
1070 2594 1150 2638 cum

96 2671 248 2737 intanto
274 2691 417 2734 numero
441 2680 575 2734 tuorum
599 2691 710 2791 neque
736 2671 855 2737 audies
882 2672 994 2737 virum
1021 2673 1149 2738 bonum

96 2792 303 2860 thnggmm
332 2791 443 2855 neque
472 2769 623 2835 videbis!
662 2740 727 2836 Ad
758 2772 858 2860 hujus
886 2772 974 2836 vitae
999 2773 1148 2838 studium

97 2871 248 2935 meditati
266 2870 313 2933 illi
327 2882 405 2935 sunt
417 2891 474 2955 qu1
466 2869 641 2935 seruntur
653 2872 813 2936 laborest
801 2873 861 2947 tui,
873 2873 1143 2967 -jacere
1054 2874 1148 2937 humi

11 3006 25 3059 j
97 2994 165 3035 non
191 2972 300 3036 solum
325 2971 369 3034 ad
392 2970 618 3035 obsidendum
643 2983 810 3056 stuprum,
834 2995 953 3036 verum
978 2974 1079 3038 etiam
1105 2974 1149 3038 ad

97 3071 229 3136 facinus
240 3059 437 3137 obeundum
449 3092 457 3142 ς
474 3070 620 3157 vigilare
632 3093 699 3135 non
710 3072 821 3136 solum
831 3072 1049 3138 insidiantem
1060 3096 1150 3138 som-

97 3193 142 3235 no
163 3170 372 3244 maritorum,
390 3192 509 3234 verum
534 3171 637 3235 etiam
661 3170 760 3236 bonis
783 3172 979 3237 otiosorum.
1030 3172 1150 3239 Habes

97 3270 154 3334 ubi
179 3282 327 3361 OQS
350 3283 443 3334 tuam
469 3270 562 3334 illam
582 3271 797 3356 praeclaram
817 3272 1014 3356 patientiam
1034 3274 1147 3349 famis,

97 3370 245 3457 frigoris,
264 3370 400 3455 inopiae
420 3360 534 3435 rerum
556 3370 722 3445 omnium,
744 3373 867 3457 quibus
891 3385 923 3436 te
947 3371 1042 3437 brevi
1066 3386 1150 3437 tem-

98 3492 179 3554 pore
197 3470 388 3535 confectum
403 3492 477 3535 esse
494 3470 631 3534 senties.
680 3487 727 3535 27.
749 3469 901 3535 Tantum
918 3472 1046 3557 profeci
1063 3485 1147 3547 tum,

98 3591 175 3634 cum
198 3583 230 3635 te
251 3591 271 3634 a
295 3571 474 3635 consulatu
498 3568 645 3654 reppuli,
667 3581 704 3634 ut
726 3571 824 3634 exsul
849 3573 960 3656 potius
984 3585 1150 3657 temptare

97 3692 200 3757 quam
234 3672 353 3735 consul
385 3691 511 3753 vexa-re
540 3691 613 3732 rem
637 3670 810 3754 publicam
835 3693 966 3755 posses,
990 3684 1090 3758 atque
1115 3681 1185 3737 ut·

97 3770 132 3834 id
151 3771 243 3856 quod
263 3784 314 3835 est
333 3792 353 3834 a
373 3781 405 3833 te
429 3771 594 3834 scelerate
619 3782 827 3854 susceptum,
841 3771 1065 3863 ‘latrocinium
1090 3793 1150 3857 po·

96 3870 162 3935 tius
178 3893 282 3957 quam
298 3871 427 3934 bellum
445 3868 745 3961 nominaretur3l}

142 3991 193 4035 xr.
219 3968 338 4046 Nunc,
371 3978 407 4033 ut
441 3989 461 4033 a
497 3989 563 4044 me,
597 3974 711 4053 patres
746 3969 941 4057 comimi,
974 3972 1149 4058 quandam
1182 4039 1186 4045 ,
