2722 4438
144 239 186 279 1x.
199 224 254 298 26·]
394 225 534 292 Clodius
557 226 705 292 resolves
728 234 762 291 to
785 223 852 290 kr‘ll
870 171 950 289 drot.
1130 237 1194 311 179

141 438 277 514 gestam
301 427 398 493 vobis
422 428 503 493 dum
523 427 670 494 breviter
686 448 835 513 expono,
853 447 994 514 quaeso,
1013 423 1196 513 diligenter

142 527 317 593 attendite.

186 643 235 691 24.
259 626 299 691 Ρ.
315 627 459 694 Clodius
475 648 553 693 cum
568 618 742 702 ‚statuisset
765 626 858 691 omni
883 626 1012 692 scelere
1037 625 1073 689 in
1097 643 1196 710 prae·

139 738 218 792 tura
242 748 369 793 vexare
394 728 677 812 rempublicam,
698 727 895 812 videretque
919 726 965 790 ita
988 735 1095 790 tracta
1119 743 1195 815 esse

140 827 282 892 comitia
306 849 397 894 anno
421 827 608 913 superiore,
627 839 662 893 ut
685 849 755 891 non
775 827 898 891 multos
917 825 1043 890 mensis
1060 834 1196 909 praetu-

139 949 218 992 ram
234 949 355 1015 gerere
372 938 499 1012 posset,
511 927 625 1014 -qui
642 949 710 991 non
731 926 868 991 honoris
892 927 1039 1014 gradum
1064 933 1196 1009 specta·

138 1039 210 1116 ret,
234 1039 271 1092 ut
293 1027 408 1102 ceteri,
432 1028 494 1092 sed
521 1038 554 1093 et
580 1026 625 1092 L.
653 1026 799 1091 Paulum
831 1030 1013 1115 conlegam
1041 1026 1196 1113 effugere

138 1128 259 1202 vellet,
278 1127 444 1215 singulari
469 1127 590 1192 virtute
615 1127 738 1202 civem,
757 1138 790 1192 et
813 1149 942 1192 annum
962 1128 1132 1215 integrum
1150 1125 1196 1189 ad

140 1228 401 1293 dilacerandam
413 1248 486 1290 rem
497 1227 671 1312 publicam
683 1229 1050 1313 quaereret‚—subito
1060 1225 1197 1312 reliquit

139 1349 273 1392 annum
292 1349 405 1401 suurn,
423 1347 567 1412 seseque
583 1326 617 1389 in
635 1348 762 1391 annurn
787 1330 982 1413 proximum
1005 1326 1195 1392 transtulit:

139 1450 213 1492 non
235 1429 290 1514 (ut
305 1428 358 1513 fit)
379 1426 546 1514 religione
564 1426 691 1513 aliqua,
710 1428 771 1492 sed
787 1439 823 1491 ut
839 1428 991 1503 haberet,
1006 1427 1098 1513 quod
1121 1426 1196 1511 ipse

140 1528 293 1603 dicebat,
324 1527 590 1617 ad'praeturam
619 1527 821 1614 gerendam,
848 1528 914 1592 hoc
941 1538 1004 1602 est,
1029 1527 1072 1592 ad
1101 1547 1197 1590 ever·
1267 1553 1270 1559 ⁴

140 1629 284 1692 tendam
301 1648 373 1691 rem
384 1623 575 1711 publicam,
591 1627 731 1710 plenum
745 1647 874 1691 annum
891 1638 991 1712 atque
1009 1626 1193 1713 integrum.

136 1745 189 1792 25.
214 1727 427 1792 Occurrebat
450 1725 481 1790 ei
502 1746 659 1790 mancam
679 1747 719 1790 ac
736 1727 883 1791 debilem
896 1738 1089 1811 praeturam
1108 1725 1197 1790 sutu-

141 1849 219 1891 ram
237 1848 333 1890 suam
348 1826 488 1890 consule
501 1825 632 1889 Milone
646 1847 654 1886 ε
675 1846 753 1888 eum
767 1847 866 1910 porro
879 1847 1013 1889 summo
1026 1845 1196 1889 consensu

142 1927 263 2013 populi
291 1925 442 1990 Romani
473 1926 649 1990 consulem
677 1925 750 1988 fieri
781 1925 930 1990 videbat.
979 1923 1132 1990 Contulit
1158 1943 1197 1988 se

139 2028 190 2091 ad
215 2027 288 2113 ejus
312 2025 562 2110 competitores,
580 2025 641 2089 sed
660 2024 718 2100 ita,
737 2037 841 2090 totam
857 2037 893 2089 ut
909 2025 1104 2109 petitionem
1121 2023 1196 2108 ipse

144 2127 239 2192 solus
255 2125 357 2189 etiarn
375 2124 488 2189 invitis
504 2124 571 2188 illis
588 2125 806 2212 gubernaret,
821 2136 890 2189 tota
905 2137 943 2189 ut
958 2124 1093 2188 comitia
1110 2123 1194 2199 suis,

141 2237 181 2290 ut
198 2225 383 2299 dictitabat,
402 2224 530 2288 umeris
546 2225 738 2289 sustineret.
783 2223 1007 2289 Convocabat
1022 2224 1143 2299 tribus,
1157 2243 1195 2289 se

142 2324 393 2408 interponebat,
413 2321 584 2388 Collinam
603 2345 728 2387 novam
744 2324 871 2389 dilectu
891 2308 1196 2409 perditissimorum

143 2412 271 2488 civium
288 2423 535 2495 conscribebat.
586 2421 725 2507 Quanto
741 2423 799 2488 ille
816 2424 914 2509 plura
931 2423 1108 2496 miscebat,
1122 2433 1196 2487 tan-

142 2536 177 2589 to
202 2524 259 2587 hic
283 2523 395 2611 magis
418 2523 452 2586 in
477 2523 551 2587 dies
576 2524 850 2587 convalescebat.
899 2523 969 2588 Ubi
991 2523 1074 2588 vidit
1093 2523 1196 2587 homo

143 2623 190 2687 ad
213 2643 315 2687 omne
339 2621 472 2686 facinus
497 2622 731 2707 paratissimus
755 2621 974 2687 fortissimum
1001 2622 1126 2697 virum,
1145 2621 1196 2686 in-

142 2721 379 2787 imicissimum
397 2743 511 2796 suum,
530 2720 756 2785 certissimum
773 2723 961 2796 consulem,
980 2721 1082 2806 idque
1099 2721 1197 2785 intel·

142 2823 228 2887 lexit
244 2844 314 2885 non
331 2822 448 2905 solum¹
460 2820 688 2895 sermonibus,
708 2821 768 2885 sed
788 2821 890 2885 etiam
914 2819 1088 2908 suffragiis
1112 2841 1196 2905 pop-

142 2923 192 2986 uli
209 2921 361 2986 Romani
378 2942 482 3006 saepe
495 2942 571 2986 esse
585 2921 808 2996 declaratum,
823 2922 938 3005 palam
952 2941 1057 3009 agere
1070 2921 1194 3005 coepit,

144 3034 177 3086 et
212 3032 328 3106 aperte
361 3021 475 3085 dicere
503 3021 730 3084 occidendum
758 3020 939 3085 Milonem.
997 3039 1044 3086 aa.
1068 3020 1196 3086 Servos

144 3121 291 3209 agrestis
315 3131 348 3185 et
365 3121 543 3195 barbaros,
566 3120 688 3207 quibus
711 3120 814 3186 silvas
837 3121 992 3206 publicas
1008 3123 1197 3208 depopula-

143 3232 197 3285 tus
226 3231 299 3285 erat
326 3213 566 3306 Etruriamque
593 3230 749 3295 vexarat,
776 3242 820 3284 ex
846 3218 1033 3305 Apennino
1065 3222 1197 3288 dedux-

49 3348 71 3356 -
144 3332 229 3396 erat,
245 3341 330 3406 quos
346 3319 526 3384 videbatis.
576 3318 650 3384 Res
665 3331 738 3385 erat
753 3320 893 3384 minime
917 3321 1074 3386 obscura.
1117 3322 1196 3388 Ete-

144 3421 214 3484 nim
246 3421 363 3505 palam
395 3419 569 3484 dictitabat
600 3421 814 3484 consulatum
846 3419 970 3485 Miloni
1004 3422 1089 3508 eripi
1127 3445 1197 3489 non

144 3541 258 3607 posse,
271 3518 376 3584 vitam
397 3540 510 3604 posse.
559 3518 776 3606 Significavit
797 3520 863 3584 hoc
884 3542 988 3606 saepe
1010 3522 1044 3587 in
1061 3535 1195 3600 senatu,

145 3621 231 3686 dixit
246 3621 281 3684 in
299 3619 468 3684 contione.
520 3618 732 3702 Quinetiam
756 3619 808 3684 M.
827 3620 995 3699 Favonio,
1014 3625 1197 3690 fortissimo

143 3721 231 3797 viro,
250 3720 427 3807 quaerenti
452 3741 496 3784 ex
520 3741 561 3785 eo
583 3742 650 3807 qua
667 3742 728 3806 spe
745 3720 871 3792 fureret
887 3723 1018 3789 Milone
1035 3725 1126 3801 vivo,
1144 3746 1197 3788 re·

144 3821 281 3908 spondit
303 3821 414 3886 triduo
434 3820 529 3884 illum
548 3833 605 3884 aut
621 3843 792 3885 summum
810 3824 999 3908 quadriduo
1017 3845 1091 3888 esse
1108 3823 1197 3909 peri-

145 3932 256 3986 turum
271 3943 279 3982 t
304 3941 407 4006 quarn
425 3941 547 3985 vocem
563 3920 636 4008 ejus
654 3921 697 3985 ad
715 3923 807 3985 hunc
824 3921 876 3984 M.
895 3921 1063 3988 Catonem
1083 3922 1197 4013 statim
1260 3981 1271 3997 ,

145 4020 320 4086 Favonius
338 4020 467 4084 detulit.
530 4088 533 4091 ,
