2572 4442
203 382 267 456 154
456 363 602 431 Cicero’s
625 362 733 428 Exile
756 362 830 425 and
850 359 1012 423 Return.
1104 351 1238 421 [3¹³⁸wa
1261 386 1262 441 t

199 589 311 634 rorem
337 564 498 639 hostium,
525 585 622 649 spem
646 561 907 646 subsidiumque
933 553 1081 642 patriae,
1108 552 1165 616 sed
1187 550 1243 616 duo

200 670 394 755 importuna
424 664 596 751 prodigia,
625 683 711 749 quos
740 671 890 748 egestas,
921 677 1012 743 quos
1041 652 1129 716 aeris
1156 650 1244 713 alieni

201 768 414 855 magnitud0‚
433 785 518 850 quos
544 762 677 836 levitas,
695 782 780 847 quos
802 756 1009 843 improbitas
1034 751 1167 816 tribuno
1187 749 1247 834 ple·

200 870 252 934 bis
269 867 467 934 constrictos
489 861 680 928 addixerat.
730 857 829 942 Qus
843 856 1006 921 homines
1025 851 1108 916 si-
1121 849 1154 912 id
1169 847 1246 933 quod

200 969 301 1033 facile
329 967 421 1031 lactu
447 965 521 1039 suit,
551 974 583 1027 et
599 960 690 1046 quod
716 958 788 1023 fieri
814 955 948 1028 debuit,
971 950 1136 1039 quodque
1161 938 1179 1010 a
1204 967 1247 1009 me

200 1067 318 1153 optimi
349 1078 383 1130 et
413 1061 585 1129 fortissimi
621 1060 714 1124 cives
745 1050 1060 1144 flagitabant—vi
1092 1047 1248 1131 armisque

201 1187 432 1251 superassem,
459 1185 527 1228 non
555 1161 700 1227 verebar
724 1178 767 1221 ne
794 1156 872 1242 quis
897 1164 960 1218 aut
985 1151 1059 1216 vim
1085 1147 1119 1212 vi
1145 1146 1248 1231 depul-

201 1288 275 1333 sam
293 1264 570 1350 reprehenderet‚
589 1272 647 1326 aut
670 1257 877 1343 perditorum
896 1254 1031 1343 civium
1053 1248 1127 1338 [vel
1153 1245 1248 1331 potius

202 1365 465 1431 domesticorum
483 1361 648 1449 hostium]
670 1370 812 1424 mortem
831 1363 1018 1419 maereret.
1063 1366 1104 1414 lt.
1122 1348 1190 1414 Sed
1205 1365 1264 1409 me¹

202 1465 262 1529 illa
279 1475 468 1529 moverunt.
518 1461 688 1528 Omnibus
704 1459 738 1523 in
756 1456 975 1523 contionibus
998 1453 1062 1518 illa
1084 1448 1173 1514 suria
1193 1446 1249 1511 cla·

202 1566 319 1630 mahat
346 1586 382 1629 se
406 1584 499 1650 quae
531 1562 659 1627 faceret
685 1570 802 1625 contra
828 1558 975 1622 salutem
1003 1573 1123 1617 meam
1150 1548 1249 1613 sacere

203 1678 340 1731 auctore
357 1663 424 1730 Cn.
444 1662 621 1748 Pompeio,
640 1658 830 1725 clarissimo
846 1657 918 1722 viro
944 1654 1106 1741 mihique
1125 1662 1158 1715 et
1173 1666 1249 1712 nunc

202 1778 235 1830 et
265 1765 378 1850 quoad
417 1762 511 1827 licuit
541 1760 760 1825 amicissimo.
825 1758 875 1822 Μ.
908 1756 1079 1829 CrassuS,
1116 1768 1249 1839 quocum

203 1865 286 1928 mihi
303 1886 422 1929 omnes
440 1874 536 1927 erant
552 1860 721 1925 amicitiae
745 1858 1035 1931 necessitudines,
1054 1855 1110 1918 vir
1126 1846 1250 1918 fortissi-

204 1987 292 2038 mus,
312 1964 355 2028 ab
380 1963 501 2027 eadem
526 1962 585 2026 illa
610 1972 704 2046 peste
728 1959 967 2024 infestissimus
995 1977 1076 2023 esse
1095 1951 1180 2018 meis
1196 1949 1250 2013 for·

202 2064 292 2127 tunis
315 2062 588 2147 praedicabatur.
637 2058 679 2124 C.
700 2058 832 2134 Caesar‚
854 2058 912 2147 qui
935 2079 955 2122 a
979 2079 1039 2123 me
1065 2055 1163 2120 nullo
1186 2066 1250 2113 meu

202 2161 322 2226 merito
347 2161 478 2225 alienus
505 2180 580 2224 esse
606 2159 763 2234 debebat,
783 2158 1043 2224 inimicissimus
1071 2174 1149 2220 esse
1166 2165 1266 2227 meae,

202 2261 301 2327 saluti
319 2260 501 2325 abeodem
519 2258 698 2323 cotidianis
719 2259 933 2323 contionibus
950 2258 1152 2339 dicebatur,
1196 2245 1250 2312 His

202 2358 243 2425 se'
255 2360 361 2425 tribus
384 2358 578 2422 auctoribus
602 2358 637 2421 in
660 2359 810 2423 consiliis
834 2358 1028 2444 capiendis,
1050 2348 1249 2444 adjutoribus

202 2461 236 2524 in
260 2480 296 2524 re
319 2459 471 2546 gerenda
497 2479 572 2522 esse
598 2480 739 2523 usurum
765 2459 921 2524 dicebat:
947 2479 991 2523 ex
1008 2458 1140 2546 quibus
1156 2465 1250 2515 unum

203 2560 330 2624 habere
347 2559 535 2624 exercitum
554 2557 588 2622 in
606 2557 706 2621 ltalia
724 2558 935 2633 maximum3
960 2558 1046 2635 duo,
1062 2555 1121 2644 qui
1139 2542 1250 2639 privati

202 2671 273 2724 tum
290 2672 415 2733 essent,
431 2669 463 2724 et
480 2669 614 2744 praesto
631 2679 706 2723 esse
723 2669 756 2724 et
773 2680 908 2744 parare,
924 2657 952 2723 si
969 2659 1115 2732 vellent,
1131 2645 1248 2718 exerci-

202 2770 272 2824 tum
287 2780 400 2844 posse,
412 2759 514 2845 idque
527 2758 676 2822 facturos
689 2779 764 2823 esse
777 2758 924 2823 dicebat.
957 2774 998 2820 ιε.
1010 2757 1049 2824 N
1051 2779 1093 2823 ec
1106 2750 1189 2819 mihi
1201 2745 1249 2811 ille

199 2860 366 2948 judicium
384 2858 512 2944 populi,
531 2879 596 2921 nec
612 2857 801 2944 legitimam
820 2858 970 2944 aliquam
988 2855 1248 2923 contentionem,

203 2981 267 3024 nec
277 2958 556 3042 disceptationem
569 2969 627 3021 aut
639 2977 765 3021 causae
777 2958 974 3033 dictionem,
983 2957 1138 3030 sedvim,
1149 2965 1247 3016 arma,

203 3058 385 3132 exercitus,
401 3057 636 3142 imperatores,
650 3068 761 3120 castra
779 3057 1010 3122 denuntiabat.
1038 3055 1136 3141 Qid
1153 3040 1249 3135 ergo?

202 3158 331 3224 inimici
348 3156 468 3230 oratio,
487 3175 578 3219 vana
595 3156 810 3240 praesertim,
827 3167 896 3221 tam
915 3157 1070 3243 improbe
1088 3157 1125 3220 in
1142 3144 1251 3217 claris-

203 3259 306 3323 simos
323 3258 413 3323 viros
438 3255 593 3345 conjecta
622 3277 677 3320 me
706 3255 841 3321 movit?
892 3256 953 3322 Me
969 3279 1051 3323 vero
1074 3277 1144 3321 non
1168 3246 1250 3314 illius

202 3358 322 3435 oratio,
339 3358 400 3423 sed
415 3378 543 3422 eorum
567 3356 792 3433 taciturnitas,
810 3357 846 3422 in
870 3379 955 3444 quos
978 3357 1039 3422 illa
1062 3353 1171 3422 oratio
1185 3358 1248 3412 tam

203 3458 358 3542 improba
387 3458 646 3522 conferebatur:
672 3456 730 3543 qui
756 3467 841 3531 tum,
864 3479 1073 3545 quamquam
1102 3456 1147 3521 ob
1172 3446 1249 3515 alias

203 3578 325 3622 causas
350 3558 522 3632 tacebant,
550 3570 664 3622 tamen
700 3558 894 3623 hominibus
922 3558 1037 3624 omnia
1061 3547 1247 3622 timentibus

203 3658 348 3723 tacendo
365 3655 471 3744 loqui,
491 3680 559 3722 non
577 3658 756 3722 infitiando
773 3642 925 3724 confiteri
942 3658 1156 3723 videbantur.
1200 3639 1248 3710 llll

204 3769 316 3823 autem
336 3756 403 3821 alio
426 3768 498 3820 tum
515 3756 636 3821 timore
660 3757 825 3842 perterriti
855 3756 964 3844 [quod
989 3768 1063 3822 acta
1080 3757 1138 3821 illa
1154 3761 1246 3833 atque

203 3856 314 3923 omnis
332 3879 387 3922 res
405 3857 485 3921 anni
503 3856 688 3941 superioris
710 3856 909 3921 labefactari
926 3878 946 3921 a
962 3857 1185 3942 praetoribus,
1202 3846 1248 3909 5⁰·

204 3958 332 4022 firmari
350 3978 370 4021 a
388 3966 508 4021 senatu
534 3965 635 4039 atque
656 3955 867 4040 principibus
889 3956 1033 4022 civitatis
1056 3941 1243 4042 putabant}

205 4057 376 4121 tribunum
406 4054 608 4140 popularem
635 4072 655 4116 a
683 4073 720 4118 se
749 4054 900 4124 alienare
928 4056 1102 4133 nolebant,
1126 4060 1244 4133 suaque
