2722 4438
178 312 181 319 ,
229 313 296 396 t60
479 324 756 411 Cicero’suExz‘le
779 324 854 388 and
874 322 1024 387 Relurn.
1117 316 1244 388 [51³³wa

225 530 318 596 sonis
343 528 494 593 consulis
518 527 663 614 pedibus
687 524 836 609 supplex
857 522 1077 588 reiciebatur:
1107 520 1189 585 bona
1210 520 1247 585 di·

224 632 446 716 ripiebantur,
471 649 579 712 eaque
605 627 649 691 ad
674 625 832 690 consules
861 609 1116 687 deferebantur:
1147 622 1248 684 domus

225 731 365 795 ardebat
392 730 427 792 in
455 726 609 791 Palatio:
642 725 800 789 consules
826 722 1063 807 epulabantur.
1112 717 1206 802 Quod
1229 720 1249 783 si

225 829 309 894 meis
337 826 563 892 incommodis
595 825 822 898 laetabantur,
851 821 944 885 urbis
975 831 1090 884 tamen
1120 818 1250 903 periculo

224 940 529 994 commoverentur.
559 971 568 990 .
596 970 605 988 .
636 972 644 989 .

268 1045 314 1091 33.
339 1027 407 1091 Hic
445 1024 642 1111 aliquand0,
675 1021 786 1086 serius
817 1041 921 1107 quam
952 1018 1027 1104 ipse
1057 1018 1167 1092 vellet,
1196 1015 1250 1081 Cn.

224 1128 422 1212 Pompeius,
440 1122 648 1190 invitissimis
666 1122 716 1186 eis
733 1120 791 1207 qui
808 1129 957 1184 mentem
974 1117 1092 1204 optimi
1109 1137 1148 1181 ac
1162 1115 1252 1181 fortis·

224 1228 299 1291 simi
324 1226 386 1291 viri
410 1225 481 1291 suis
497 1223 647 1289 consiliis
665 1222 820 1308 fictisque
838 1219 1022 1285 terroribus
1040 1239 1060 1282 a
1077 1216 1252 1283 defensione

225 1333 325 1391 meae
338 1326 455 1391 salutis
473 1334 675 1397 averterant,
695 1321 857 1387 excitavit
872 1320 967 1384 illam
984 1341 1085 1385 suam
1101 1341 1164 1384 non
1181 1316 1253 1402 sopi-

223 1437 305 1501 tam,
328 1426 389 1491 sed
413 1425 597 1510 suspitione
622 1424 737 1510 aliqua
763 1421 967 1486 retardatam
993 1419 1254 1486 consuetudinem
1313 1426 1314 1495 l

223 1526 431 1611 reipublicae
448 1526 535 1590 bene
552 1525 738 1611 gerendae.
792 1522 874 1587 Non
891 1534 942 1587 est
957 1543 1081 1609 passus
1097 1523 1153 1586 ille
1168 1520 1254 1584 vir-

223 1628 281 1712 qui
296 1625 573 1692 sceleratissimos
587 1624 683 1698 civis,
696 1623 753 1709 qui
765 1624 951 1711 acerrimos
965 1624 1084 1698 hostis,
1097 1623 1153 1710 qui
1166 1620 1255 1685 maxi·
1313 1696 1314 1701 γ

224 1748 297 1791 mas
314 1726 480 1800 nationeS,
500 1725 556 1812 qui
574 1745 686 1810 reges,
705 1724 762 1809 qui
780 1724 892 1811 gentis
909 1724 1000 1789 feras
1021 1737 1123 1811 atque
1142 1721 1255 1788 inaudi-

223 1839 287 1901 tas,
300 1826 357 1912 qui
375 1826 586 1911 praedonum
601 1824 767 1887 infinitam
782 1845 937 1899 manum,
952 1824 1010 1910 qui
1024 1827 1125 1890 etiam
1139 1821 1255 1888 servitia
1313 1884 1314 1887 ,

222 1926 344 1990 virtute
360 1926 568 2009 victoriaque
586 1923 784 1998 domuisset,
803 1923 860 2010 qui
881 1926 1042 1990 omnibus
1065 1924 1161 1990 bellis
1176 1935 1256 1986 terra
1313 1924 1314 1943 ,

224 2025 375 2110 marique
405 2023 610 2108 compressis
638 2023 819 2107 imperium
851 2024 968 2109 populi
1001 2025 1153 2090 Romani
1182 2020 1257 2087 orbis

223 2136 388 2188 terrarum
423 2122 575 2187 terminis
611 2123 926 2189 definisset—rem
961 2126 1137 2208 publicam
1170 2117 1257 2186 everti

224 2225 351 2289 scelere
377 2244 577 2307 paucorum,
596 2242 699 2307 quam
724 2223 797 2308 ipse
818 2246 885 2288 non
903 2225 1014 2289 solum
1031 2224 1192 2296 consiliis,
1209 2217 1258 2284 sed

224 2324 325 2388 etiam
346 2322 514 2409 sanguine
534 2343 597 2387 suo
621 2343 725 2408 saepe
748 2336 950 2409 servasset,
979 2340 1025 2388 34.
1050 2322 1204 2390 Accessit
1224 2317 1259 2383 ad

223 2444 362 2487 causam
384 2423 579 2506 publicam:
608 2424 727 2487 restitit
750 2425 948 2489 auctoritate
973 2446 1035 2489 sua
1061 2424 1196 2510 reliquis
1217 2441 1259 2482 re·

223 2523 306 2587 bus:
339 2535 478 2608 questus
507 2533 557 2586 est
585 2522 627 2586 de
656 2523 857 2608 praeteritis.
914 2523 1006 2589 Fieri
1034 2526 1202 2611 quaedam
1225 2516 1260 2582 ad

223 2624 399 2687 meliorem
424 2643 522 2706 spem
545 2621 719 2687 inclinatio
742 2624 816 2687 visa
840 2634 902 2688 est.
952 2623 1116 2689 Decrevit
1138 2631 1260 2689 senatus

222 2723 382 2809 frequens
407 2723 449 2786 de
474 2744 551 2786 meo
575 2724 684 2787 reditu
712 2722 881 2788 Kalendis
904 2723 1029 2809 Juniis,
1056 2722 1260 2790 dissentiente

223 2825 329 2898 nullo,
349 2822 515 2887 referente
535 2821 579 2885 L.
601 2821 744 2896 Ninni0‚
766 2823 863 2910 cujus
887 2823 922 2886 in
947 2845 1024 2888 mea
1049 2845 1154 2888 causa
1177 2838 1261 2884 num·
1313 2834 1314 2841 ¹

223 2945 326 3011 quam
343 2923 429 2987 fides
445 2921 618 3006 virtusque
636 2923 849 2986 contremuit.
900 2923 953 2987 De
971 2946 1048 2988 meo
1065 2925 1175 2988 reditu
1197 2928 1261 2983 octo

223 3023 346 3089 tribuni
370 3022 686 3107 promulgaverunt.
736 3021 792 3085 Ex
813 3044 880 3107 quo
902 3022 1112 3087 intellectum
1136 3032 1262 3085 estnon

225 3124 306 3186 milri
330 3122 461 3186 absenti
480 3120 672 3185 decrevisse
692 3121 834 3196 amicos,
857 3121 894 3185 in
919 3144 960 3186 ea
984 3122 1184 3208 praesertim
1206 3117 1263 3179 for-

223 3235 317 3296 tuna,
331 3218 366 3284 in
383 3241 452 3306 qua
469 3242 537 3283 non
555 3220 639 3282 nulli
656 3219 771 3295 etiam,
786 3242 872 3306 quos
885 3243 960 3285 esse
977 3233 1189 3306 putaveram,
1203 3233 1263 3279 non

224 3332 331 3395 erant,
350 3322 410 3385 sed
436 3341 494 3384 eos
518 3320 727 3383 voluntatem
752 3342 888 3405 semper
907 3322 1065 3396 eandem,
1084 3322 1263 3384 libertatem

223 3443 291 3486 non
309 3423 456 3485 eandem
473 3442 609 3505 semper
626 3420 799 3485 habuisse.
848 3421 943 3485 Nam
960 3443 1004 3485 ex
1023 3443 1146 3485 novem
1169 3416 1264 3481 tribu·

223 3522 289 3595 nis,
308 3542 393 3606 quos
409 3532 524 3584 tamen
545 3521 746 3594 habueram,
762 3543 850 3585 unus
875 3543 929 3584 me
953 3523 1093 3585 absente
1117 3513 1261 3585 defluxit,
1313 3546 1314 3601 r

223 3619 281 3706 qui
303 3641 497 3706 cognomen
521 3620 585 3684 sibi
610 3642 654 3684 ex
677 3618 855 3685 Aeliorum
879 3620 1087 3707 imaginibus
1112 3613 1261 3701 adripuit,
1313 3606 1314 3629 ³

223 3741 291 3805 quo
309 3719 420 3806 magis
436 3719 582 3784 nationis
599 3720 672 3807 ejus
689 3741 764 3784 esse
781 3720 884 3806 quam
901 3720 1038 3807 generis
1054 3721 1231 3784 videretur.

268 3836 312 3882 33.
335 3819 431 3884 Abiit
454 3821 510 3884 ille
535 3841 666 3884 annus:
698 3820 839 3884 veniunt
867 3820 1048 3886 Kalendae
1071 3815 1261 3906 Januariae.

223 3918 297 3983 Vos
321 3920 408 3984 haec
432 3919 553 3982 melius
578 3919 665 3982 scire
682 3921 840 4003 potestis3
865 3920 1025 4005 equidem
1041 3919 1154 3985 audita
1171 3915 1260 3980 dico:

225 4040 313 4103 quae
330 4030 401 4083 turn
417 4016 605 4103 frequentia
628 4029 778 4095 senatus,
796 4040 884 4105 quae
909 4020 1116 4105 exspectatio
1139 4009 1259 4104 populi,
