2722 4438
7 314 10 321 .
124 287 166 327 n
186 271 244 341 μ]
317 271 377 337 He
399 240 479 336 ara
508 269 650 337 croam
673 270 710 334 a
735 267 983 355 serf-aesence.
1117 271 1178 337 181

122 485 161 543 ut
184 473 312 539 facturn
338 482 518 537 est-nec
544 470 734 556 imperante
763 492 828 536 nec
855 469 983 536 sciente
1000 490 1066 536 nec
1082 492 1181 557 prae·

7 602 11 637 ;
123 587 220 641 sente
248 572 401 647 domino,
431 571 523 659 quod
554 592 635 638 suos
666 571 810 659 quisque
842 591 980 637 servos-
989 571 1025 635 in
1056 571 1115 636 tali
1143 592 1180 639 re

7 732 8 737 ,
122 675 240 740 facere
255 672 430 739 voluisset.

169 793 222 838 x1.
247 789 295 839 so.
321 772 433 848 Haec,
452 769 551 835 sicuti
569 770 725 855 exposui,
743 770 789 835 ita
805 780 904 858 gesta
928 780 1018 846 sunt,
1032 770 1178 858 judices.
1225 768 1228 773 ’

7 932 9 939 .
123 872 308 939 Insidiator
319 881 499 957 superatus
513 880 576 943 est,
589 868 622 933 vi
638 869 729 941 uicta
741 869 807 945 vis,
820 869 875 933 vel
890 869 1001 954 potius
1014 891 1180 954 oppressa

121 974 246 1038 virtute
263 971 408 1037 andacia
425 960 487 1037 est.
537 967 635 1034 Nihil
652 969 729 1035 dico
753 969 835 1055 quid
857 990 912 1033 res
936 969 1074 1053 publica
1098 990 1179 1034 con-

121 1085 240 1139 secuta
258 1072 311 1147 sit,
330 1072 415 1137 nihil
432 1072 513 1158 quid
529 1092 602 1145 voc,
623 1067 707 1135 nihil
725 1068 807 1155 quid
823 1088 943 1132 omnes
959 1067 1061 1132 bonit
1093 1067 1178 1132 nihil

121 1194 209 1237 sane
226 1172 260 1238 id
277 1172 383 1257 prosit
397 1160 534 1248 Miloni,
548 1171 607 1259 qui
629 1171 695 1237 hoc
716 1169 785 1234 fato
809 1180 908 1233 natus
933 1178 995 1243 est,
1014 1179 1050 1232 ut
1073 1189 1116 1233 ne
1140 1188 1179 1234 se

120 1273 263 1359 quidem
277 1293 414 1337 servare
427 1272 584 1357 potuerit,
597 1271 680 1359 quin
695 1291 764 1335 una
774 1290 847 1334 rem
860 1268 1034 1352 publicam
1048 1286 1178 1353 vosque

120 1381 285 1441 servaret.
348 1371 387 1438 Si
419 1372 454 1437 id
481 1372 557 1460 jure
588 1371 662 1437 fieri
694 1392 762 1437 non
795 1368 914 1455 potuit,
948 1366 1033 1431 nihil
1066 1367 1177 1432 habeo

119 1472 215 1560 quod
241 1472 436 1537 defendam.
483 1471 547 1538 Sin
572 1472 637 1536 hoc
660 1482 694 1536 et
717 1471 802 1537 ratio
826 1467 947 1542 doctis,
972 1477 1005 1531 et
1028 1466 1177 1531 necessi-

118 1584 175 1637 tas
204 1572 372 1647 barbaris‚
401 1581 434 1636 et
463 1593 536 1637 mos
563 1572 735 1659 gentibus,
763 1581 796 1637 et
822 1569 903 1635 seris
931 1567 1035 1633 etiam
1066 1565 1212 1647 beluis,

118 1683 247 1737 natura
278 1672 352 1757 ipsa
383 1672 672 1757 praescripsit,-
688 1681 725 1735 ut
754 1691 892 1737 omnem
924 1687 1061 1751 semper
1090 1664 1174 1741 vim,

119 1792 342 1859 quacumque
373 1792 439 1856 ope
463 1782 614 1857 possent,
640 1792 661 1834 a
685 1791 839 1856 corpore,
866 1790 887 1835 a
913 1768 1037 1854 capite,
1062 1786 1083 1830 a
1105 1765 1176 1830 vita

118 1893 187 1936 sua
215 1872 599 1957 propulsarent‚-non
626 1871 764 1956 potestis
793 1873 859 1937 hoc
890 1869 1023 1935 facinus
1050 1866 1177 1951 impro-

117 1972 206 2036 bum
230 1970 400 2059 judicare,
429 1970 511 2058 quin
539 1970 641 2036 simul
665 1970 823 2059 judicetis
850 1970 1022 2045 omnibus,
1051 1966 1109 2055 qui
1141 1965 1176 2032 in

118 2071 272 2137 latrones
295 2070 487 2145 inciderint,
515 2082 572 2135 aut
594 2070 730 2135 illorum
753 2071 829 2136 telis
860 2081 918 2135 aut
948 2068 1068 2136 vestris
1100 2088 1173 2134 sen·

118 2169 236 2235 tentiis
253 2191 327 2236 esse
344 2171 570 2255 pereundum.
618 2187 659 2235 sl.
684 2169 788 2257 Quod
804 2172 832 2237 si
849 2171 894 2237 ita
908 2181 1070 2258 putasset,
1084 2179 1176 2235 certe

118 2269 306 2355 optabilius
333 2269 457 2335 Miloni
485 2270 558 2335 suit'
574 2271 657 2336 dare
685 2271 847 2359 jugulum
878 2270 919 2336 P.
944 2270 1079 2346 Clodio,
1107 2290 1176 2335 non

119 2369 231 2435 semel
249 2369 292 2435 ab
309 2370 366 2435 illo
383 2391 494 2456 neque
510 2381 580 2434 tum
602 2371 750 2457 primum
774 2372 927 2457 petitum,
946 2394 1051 2459 quam
1071 2371 1176 2460 jugu-

119 2470 231 2535 laria
257 2469 366 2544 vobis,
385 2470 466 2556 quia
490 2491 527 2535 se
553 2492 621 2536 non
640 2471 871 2559 jugulandum
896 2472 944 2536 illi
968 2472 1174 2538 tradidisset.

119 2568 188 2634 Sin
211 2570 278 2635 hoc
302 2590 402 2634 nemo
426 2580 575 2634 vestrum
600 2569 645 2635 ita
665 2571 778 2647 sentit,
796 2593 865 2637 non
882 2572 966 2638 illud
979 2573 1052 2660 jam
1069 2572 1104 2636 in
1123 2572 1178 2660 ju·

118 2668 252 2734 dicium
275 2669 379 2743 venit,
404 2668 582 2734 occisusne
606 2669 648 2734 sit
675 2670 785 2757 (quod
812 2671 992 2759 fatemur),
1016 2672 1077 2737 sed
1099 2672 1178 2759 jure

118 2789 168 2832 an
193 2768 330 2857 injuria,
354 2768 446 2855 quod
470 2768 584 2834 multis
601 2768 635 2834 in
653 2770 766 2836 causis
784 2792 888 2857 saepe
904 2772 1095 2859 quaesitum
1113 2781 1174 2835 est.

119 2867 272 2933 Insidias
288 2868 395 2933 saetas
412 2889 487 2933 esse
504 2880 647 2944 constat,
664 2880 697 2934 et
713 2871 747 2936 id
765 2873 922 2957 estquod
939 2882 1076 2937 senatus
1097 2891 1178 2935 con-

118 2981 173 3033 tra
191 2989 263 3032 rem
281 2968 454 3053 publicam
471 2969 598 3033 factum
612 2970 798 3057 judicavit:
825 2971 868 3034 ab
885 2981 960 3034 utro
980 2970 1089 3035 factae
1112 2969 1179 3035 sint

119 3069 289 3133 incertum
307 3079 368 3133 est.
419 3068 472 3133 De
489 3070 556 3134 hoc
571 3069 676 3156 igitur
693 3072 798 3135 latum
816 3080 868 3135 est
886 3080 922 3134 ut
943 3081 1174 3156 quaereretur.

120 3167 174 3231 Ita
199 3179 233 3232 et
256 3179 393 3233 senatus
415 3190 488 3233 rem
513 3190 581 3234 non
600 3170 774 3235 hominem
793 3170 931 3244 notavit,
945 3181 977 3234 et
993 3169 1178 3255 Pompeius

121 3267 165 3332 de
179 3266 256 3354 jure
273 3286 341 3331 non
358 3268 401 3333 de
418 3267 507 3333 sacto
520 3270 754 3356 quaestionem
767 3269 852 3334 tulit.
898 3289 963 3333 x11.
989 3268 1179 3355 Numquid

121 3366 227 3452 igitur
252 3367 346 3431 aliud
370 3367 405 3431 in
429 3368 598 3456 judicium
625 3370 730 3445 venit,
756 3369 819 3434 nisi
847 3380 923 3433 uter
946 3369 1011 3435 utri
1036 3369 1178 3435 insidias

123 3463 264 3531 fecerit?
310 3465 468 3534 Profecto
492 3470 598 3533 nihil:
626 3468 654 3534 si
679 3468 735 3534 hic
756 3468 819 3545 illi,
837 3478 875 3534 ut
895 3489 939 3535 ne
959 3468 1001 3534 sit
1017 3468 1156 3555 impune
1168 3490 1178 3544 ;

123 3565 152 3631 si
168 3565 227 3659 ille
244 3566 336 3642 huic,
352 3578 389 3633 ut
404 3570 535 3634 scelere
552 3570 738 3633 solvamur.

168 3682 216 3730 aa.
241 3665 405 3751 Quonam
422 3668 525 3756 igitur
541 3680 642 3753 pacto
659 3667 795 3753 probari
812 3677 922 3753 potest
944 3668 1086 3734 insidias
1110 3666 1180 3732 Mi·

124 3767 195 3834 loni
223 3767 345 3834 secisse
373 3766 558 3833 Clodium?
602 3767 695 3834 Satis
723 3779 774 3833 est
799 3768 834 3832 in
859 3768 917 3832 illa
943 3768 1081 3855 quidem
1108 3778 1178 3833 tam

127 3869 263 3945 audaci,
281 3880 351 3934 tam
368 3867 500 3933 nefaria
517 3867 632 3943 belua,
651 3867 775 3933 docere
792 3888 957 3955 magnam
974 3867 1005 3932 ei
1022 3887 1176 3942 causam,

128 3990 291 4059 magnam
314 3988 411 4057 spem
434 3967 468 4031 in
489 3966 632 4032 Milonis
657 3976 764 4034 morte
788 3966 1008 4053 propositam,
1030 3985 1178 4054 magnas
