<?xml version="1.0" encoding="UTF-8"?>
<!DOCTYPE html PUBLIC "-//W3C//DTD XHTML 1.0 Transitional//EN"
    "http://www.w3.org/TR/xhtml1/DTD/xhtml1-transitional.dtd">
<html xmlns="http://www.w3.org/1999/xhtml" xml:lang="en" lang="en">
 <head>
  <title>
</title>
<meta http-equiv="Content-Type" content="text/html;charset=utf-8" />
  <meta name='ocr-system' content='tesseract 3.04.00' />
  <meta name='ocr-capabilities' content='ocr_page ocr_carea ocr_par ocr_line ocrx_word'/>
</head>
<body>
  <div class='ocr_page' id='page_1' title='image "./selectorationsc02greegoog_0265.png"; bbox 0 0 2722 4438; ppageno 0'>
   <div class='ocr_carea' id='block_1_1' title="bbox 124 280 1177 373">
    <p class='ocr_par' dir='ltr' id='par_1_1' title="bbox 124 280 1177 373">
     <span class='ocr_line' id='line_1_1' title="bbox 124 280 1177 373; baseline -0.024 -15"><span class='ocrx_word' id='word_1_1' title='bbox 124 304 189 373; x_wconf 84' lang='lat'>244</span> <span class='ocrx_word' id='word_1_2' title='bbox 347 283 418 349; x_wconf 80' lang='lat' dir='ltr'>The</span> <span class='ocrx_word' id='word_1_3' title='bbox 442 282 613 371; x_wconf 80' lang='lat' dir='ltr'>Struggle</span> <span class='ocrx_word' id='word_1_4' title='bbox 636 283 778 371; x_wconf 80' lang='lat' dir='ltr'><em>against</em></span> <span class='ocrx_word' id='word_1_5' title='bbox 800 280 1177 370; x_wconf 80' lang='lat' dir='ltr'>Antony.[Puu.x1V.</span> 
     </span>
    </p>
   </div>
   <div class='ocr_carea' id='block_1_2' title="bbox 67 481 1184 4065">
    <p class='ocr_par' dir='ltr' id='par_1_2' title="bbox 123 481 1182 2946">
     <span class='ocr_line' id='line_1_2' title="bbox 123 481 1179 571; baseline -0.004 -20"><span class='ocrx_word' id='word_1_6' title='bbox 123 481 419 571; x_wconf 90' lang='lat' dir='ltr'>Supplicationem</span> <span class='ocrx_word' id='word_1_7' title='bbox 451 482 553 548; x_wconf 91' lang='lat' dir='ltr'>modo</span> <span class='ocrx_word' id='word_1_8' title='bbox 584 482 643 570; x_wconf 93' lang='lat' dir='ltr'>qui</span> <span class='ocrx_word' id='word_1_9' title='bbox 669 481 831 557; x_wconf 89' lang='lat' dir='ltr'>decrevit,</span> <span class='ocrx_word' id='word_1_10' title='bbox 860 481 950 547; x_wconf 89' lang='lat' dir='ltr'>idem</span> <span class='ocrx_word' id='word_1_11' title='bbox 976 482 1179 567; x_wconf 88' lang='lat' dir='ltr'>imprudens</span> 
     </span>
     <span class='ocr_line' id='line_1_3' title="bbox 124 581 1179 672; baseline -0.005 -22"><span class='ocrx_word' id='word_1_12' title='bbox 124 585 228 651; x_wconf 91' lang='lat' dir='ltr'>hostis</span> <span class='ocrx_word' id='word_1_13' title='bbox 248 582 435 672; x_wconf 88' lang='lat' dir='ltr'>judicavit:</span> <span class='ocrx_word' id='word_1_14' title='bbox 461 603 650 667; x_wconf 82' lang='lat' dir='ltr'><strong>numquam</strong></span> <span class='ocrx_word' id='word_1_15' title='bbox 667 583 758 647; x_wconf 91' lang='lat' dir='ltr'>enim</span> <span class='ocrx_word' id='word_1_16' title='bbox 777 582 812 644; x_wconf 91' lang='lat' dir='ltr'>in</span> <span class='ocrx_word' id='word_1_17' title='bbox 830 581 921 645; x_wconf 91' lang='lat' dir='ltr'>civili</span> <span class='ocrx_word' id='word_1_18' title='bbox 937 582 1028 646; x_wconf 91' lang='lat' dir='ltr'>bello</span> <span class='ocrx_word' id='word_1_19' title='bbox 1048 581 1179 666; x_wconf 92' lang='lat' dir='ltr'>suppli-</span> 
     </span>
     <span class='ocr_line' id='line_1_4' title="bbox 124 679 1178 765; baseline -0.007 -13"><span class='ocrx_word' id='word_1_20' title='bbox 124 687 211 751; x_wconf 85' lang='lat' dir='ltr'>catio</span> <span class='ocrx_word' id='word_1_21' title='bbox 228 686 364 751; x_wconf 89' lang='lat' dir='ltr'>decreta</span> <span class='ocrx_word' id='word_1_22' title='bbox 383 692 445 746; x_wconf 87' lang='lat' dir='ltr'>est.</span> <span class='ocrx_word' id='word_1_23' title='bbox 496 681 680 745; x_wconf 87' lang='lat' dir='ltr'>Decretam</span> <span class='ocrx_word' id='word_1_24' title='bbox 698 679 797 745; x_wconf 84' lang='lat' dir='ltr'>dico?</span> <span class='ocrx_word' id='word_1_25' title='bbox 825 702 868 745; x_wconf 88' lang='lat' dir='ltr'>ne</span> <span class='ocrx_word' id='word_1_26' title='bbox 885 680 1020 745; x_wconf 85' lang='lat' dir='ltr'>victoris</span> <span class='ocrx_word' id='word_1_27' title='bbox 1036 681 1178 765; x_wconf 90' lang='lat' dir='ltr'>quidem</span> 
     </span>
     <span class='ocr_line' id='line_1_5' title="bbox 123 779 1179 871; baseline -0.007 -21"><span class='ocrx_word' id='word_1_28' title='bbox 123 786 240 853; x_wconf 91' lang='lat' dir='ltr'>litteris</span> <span class='ocrx_word' id='word_1_29' title='bbox 265 783 434 871; x_wconf 89' lang='lat' dir='ltr'>postulata</span> <span class='ocrx_word' id='word_1_30' title='bbox 462 790 525 845; x_wconf 87' lang='lat' dir='ltr'>est.</span> <span class='ocrx_word' id='word_1_31' title='bbox 573 798 621 846; x_wconf 77' lang='lat' dir='ltr'>aa.</span> <span class='ocrx_word' id='word_1_32' title='bbox 645 779 757 846; x_wconf 89' lang='lat' dir='ltr'>Civile</span> <span class='ocrx_word' id='word_1_33' title='bbox 780 781 910 845; x_wconf 88' lang='lat' dir='ltr'>bellum</span> <span class='ocrx_word' id='word_1_34' title='bbox 934 780 1053 845; x_wconf 90' lang='lat' dir='ltr'>consul</span> <span class='ocrx_word' id='word_1_35' title='bbox 1078 779 1179 845; x_wconf 88' lang='lat' dir='ltr'>Sulla</span> 
     </span>
     <span class='ocr_line' id='line_1_6' title="bbox 124 879 1180 974; baseline -0.007 -23"><span class='ocrx_word' id='word_1_36' title='bbox 124 886 250 974; x_wconf 87' lang='lat' dir='ltr'><strong>gessit:</strong></span> <span class='ocrx_word' id='word_1_37' title='bbox 275 882 469 972; x_wconf 84' lang='lat' dir='ltr'>legionibus</span> <span class='ocrx_word' id='word_1_38' title='bbox 494 881 530 945; x_wconf 90' lang='lat' dir='ltr'>in</span> <span class='ocrx_word' id='word_1_39' title='bbox 552 883 672 947; x_wconf 90' lang='lat' dir='ltr'>urbem</span> <span class='ocrx_word' id='word_1_40' title='bbox 690 880 859 955; x_wconf 91' lang='lat' dir='ltr'>adductis,</span> <span class='ocrx_word' id='word_1_41' title='bbox 878 901 964 966; x_wconf 90' lang='lat' dir='ltr'>quos</span> <span class='ocrx_word' id='word_1_42' title='bbox 987 879 1094 945; x_wconf 91' lang='lat' dir='ltr'>voluit</span> <span class='ocrx_word' id='word_1_43' title='bbox 1117 901 1180 944; x_wconf 85' lang='lat' dir='ltr'>ex-</span> 
     </span>
     <span class='ocr_line' id='line_1_7' title="bbox 127 980 1176 1072; baseline -0.006 -23"><span class='ocrx_word' id='word_1_44' title='bbox 127 986 228 1071; x_wconf 84' lang='lat' dir='ltr'>pulit3</span> <span class='ocrx_word' id='word_1_45' title='bbox 253 1007 338 1072; x_wconf 90' lang='lat' dir='ltr'>quos</span> <span class='ocrx_word' id='word_1_46' title='bbox 355 983 462 1070; x_wconf 92' lang='lat' dir='ltr'>potuit</span> <span class='ocrx_word' id='word_1_47' title='bbox 478 981 624 1047; x_wconf 86' lang='lat' dir='ltr'>occidit:</span> <span class='ocrx_word' id='word_1_48' title='bbox 651 980 910 1066; x_wconf 87' lang='lat' dir='ltr'>supplicationis</span> <span class='ocrx_word' id='word_1_49' title='bbox 927 980 1053 1044; x_wconf 91' lang='lat' dir='ltr'>mentio</span> <span class='ocrx_word' id='word_1_50' title='bbox 1067 981 1176 1059; x_wconf 89' lang='lat' dir='ltr'>nulla.</span> 
     </span>
     <span class='ocr_line' id='line_1_8' title="bbox 124 1080 1179 1165; baseline -0.004 -15"><span class='ocrx_word' id='word_1_51' title='bbox 124 1086 239 1151; x_wconf 88' lang='lat' dir='ltr'>Grave</span> <span class='ocrx_word' id='word_1_52' title='bbox 262 1085 392 1150; x_wconf 91' lang='lat' dir='ltr'>bellum</span> <span class='ocrx_word' id='word_1_53' title='bbox 411 1082 641 1148; x_wconf 90' lang='lat' dir='ltr'>Octavianum</span> <span class='ocrx_word' id='word_1_54' title='bbox 662 1082 853 1147; x_wconf 91' lang='lat' dir='ltr'>insecutum</span> <span class='ocrx_word' id='word_1_55' title='bbox 873 1091 944 1146; x_wconf 88' lang='lat' dir='ltr'>est:</span> <span class='ocrx_word' id='word_1_56' title='bbox 972 1080 1179 1165; x_wconf 91' lang='lat' dir='ltr'>supplicatio</span> 
     </span>
     <span class='ocr_line' id='line_1_9' title="bbox 127 1180 1180 1272; baseline -0.006 -22"><span class='ocrx_word' id='word_1_57' title='bbox 127 1183 297 1272; x_wconf 89' lang='lat' dir='ltr'>[Cinnae]</span> <span class='ocrx_word' id='word_1_58' title='bbox 325 1184 420 1247; x_wconf 88' lang='lat' dir='ltr'>nulla</span> <span class='ocrx_word' id='word_1_59' title='bbox 444 1182 576 1247; x_wconf 86' lang='lat' dir='ltr'>victori.</span> <span class='ocrx_word' id='word_1_60' title='bbox 627 1181 762 1272; x_wconf 84' lang='lat' dir='ltr'>Cinnae</span> <span class='ocrx_word' id='word_1_61' title='bbox 785 1180 962 1246; x_wconf 88' lang='lat' dir='ltr'>victoriam</span> <span class='ocrx_word' id='word_1_62' title='bbox 994 1180 1180 1266; x_wconf 88' lang='lat' dir='ltr'>imperator</span> 
     </span>
     <span class='ocr_line' id='line_1_10' title="bbox 123 1279 1179 1368; baseline -0.002 -20"><span class='ocrx_word' id='word_1_63' title='bbox 123 1284 213 1348; x_wconf 90' lang='lat' dir='ltr'>ultus</span> <span class='ocrx_word' id='word_1_64' title='bbox 226 1294 275 1351; x_wconf 89' lang='lat' dir='ltr'>est</span> <span class='ocrx_word' id='word_1_65' title='bbox 292 1282 411 1349; x_wconf 83' lang='lat' dir='ltr'>Sulla:</span> <span class='ocrx_word' id='word_1_66' title='bbox 424 1282 532 1347; x_wconf 72' lang='lat' dir='ltr'>vnulla</span> <span class='ocrx_word' id='word_1_67' title='bbox 548 1281 752 1368; x_wconf 89' lang='lat' dir='ltr'>supplicatio</span> <span class='ocrx_word' id='word_1_68' title='bbox 767 1281 904 1347; x_wconf 87' lang='lat' dir='ltr'>decreta</span> <span class='ocrx_word' id='word_1_69' title='bbox 922 1301 942 1346; x_wconf 90' lang='lat' dir='ltr'>a</span> <span class='ocrx_word' id='word_1_70' title='bbox 956 1292 1088 1346; x_wconf 85' lang='lat' dir='ltr'>senatu.</span> <span class='ocrx_word' id='word_1_71' title='bbox 1118 1279 1179 1346; x_wconf 91' lang='lat' dir='ltr'>Ad</span> 
     </span>
     <span class='ocr_line' id='line_1_11' title="bbox 123 1380 1180 1469; baseline -0.001 -21"><span class='ocrx_word' id='word_1_72' title='bbox 123 1394 156 1449; x_wconf 93' lang='lat' dir='ltr'>te</span> <span class='ocrx_word' id='word_1_73' title='bbox 180 1383 304 1467; x_wconf 90' lang='lat' dir='ltr'>ipsum,</span> <span class='ocrx_word' id='word_1_74' title='bbox 323 1381 363 1446; x_wconf 93' lang='lat' dir='ltr'>P.</span> <span class='ocrx_word' id='word_1_75' title='bbox 383 1382 521 1458; x_wconf 89' lang='lat' dir='ltr'>Servili,</span> <span class='ocrx_word' id='word_1_76' title='bbox 543 1405 626 1447; x_wconf 91' lang='lat' dir='ltr'>num</span> <span class='ocrx_word' id='word_1_77' title='bbox 652 1382 742 1447; x_wconf 89' lang='lat' dir='ltr'>misit</span> <span class='ocrx_word' id='word_1_78' title='bbox 765 1383 853 1447; x_wconf 86' lang='lat' dir='ltr'>ullas</span> <span class='ocrx_word' id='word_1_79' title='bbox 878 1382 1025 1469; x_wconf 86' lang='lat' dir='ltr'>conlega</span> <span class='ocrx_word' id='word_1_80' title='bbox 1049 1380 1180 1447; x_wconf 88' lang='lat' dir='ltr'>litteras</span> 
     </span>
     <span class='ocr_line' id='line_1_12' title="bbox 124 1481 1179 1570; baseline -0.001 -22"><span class='ocrx_word' id='word_1_81' title='bbox 124 1485 167 1548; x_wconf 89' lang='lat' dir='ltr'>de</span> <span class='ocrx_word' id='word_1_82' title='bbox 184 1483 242 1548; x_wconf 88' lang='lat' dir='ltr'>illa</span> <span class='ocrx_word' id='word_1_83' title='bbox 259 1482 556 1548; x_wconf 89' lang='lat' dir='ltr'>calamitosissima</span> <span class='ocrx_word' id='word_1_84' title='bbox 574 1503 693 1570; x_wconf 89' lang='lat' dir='ltr'>pugna</span> <span class='ocrx_word' id='word_1_85' title='bbox 717 1481 921 1548; x_wconf 85' lang='lat' dir='ltr'>Pharsalia?</span> <span class='ocrx_word' id='word_1_86' title='bbox 966 1481 1060 1547; x_wconf 93' lang='lat' dir='ltr'>Num</span> <span class='ocrx_word' id='word_1_87' title='bbox 1076 1492 1111 1546; x_wconf 93' lang='lat' dir='ltr'>te</span> <span class='ocrx_word' id='word_1_88' title='bbox 1135 1482 1179 1547; x_wconf 90' lang='lat' dir='ltr'>de</span> 
     </span>
     <span class='ocr_line' id='line_1_13' title="bbox 124 1580 1180 1668; baseline -0.002 -19"><span class='ocrx_word' id='word_1_89' title='bbox 124 1583 371 1668; x_wconf 88' lang='lat' dir='ltr'>supplicatione</span> <span class='ocrx_word' id='word_1_90' title='bbox 387 1582 495 1647; x_wconf 91' lang='lat' dir='ltr'>voluit</span> <span class='ocrx_word' id='word_1_91' title='bbox 507 1582 657 1648; x_wconf 85' lang='lat' dir='ltr'>referre?</span> <span class='ocrx_word' id='word_1_92' title='bbox 688 1582 846 1647; x_wconf 83' lang='lat' dir='ltr'>Profecto</span> <span class='ocrx_word' id='word_1_93' title='bbox 863 1582 982 1648; x_wconf 89' lang='lat' dir='ltr'>noluit.</span> <span class='ocrx_word' id='word_1_94' title='bbox 1022 1580 1071 1646; x_wconf 88' lang='lat' dir='ltr'>At</span> <span class='ocrx_word' id='word_1_95' title='bbox 1087 1581 1180 1647; x_wconf 90' lang='lat' dir='ltr'>misit</span> 
     </span>
     <span class='ocr_line' id='line_1_14' title="bbox 125 1681 1179 1768; baseline 0 -21"><span class='ocrx_word' id='word_1_96' title='bbox 125 1694 242 1768; x_wconf 88' lang='lat' dir='ltr'>postea</span> <span class='ocrx_word' id='word_1_97' title='bbox 266 1684 308 1748; x_wconf 90' lang='lat' dir='ltr'>de</span> <span class='ocrx_word' id='word_1_98' title='bbox 325 1681 553 1758; x_wconf 86' lang='lat' dir='ltr'>Alexandria,</span> <span class='ocrx_word' id='word_1_99' title='bbox 570 1683 612 1748; x_wconf 94' lang='lat' dir='ltr'>de</span> <span class='ocrx_word' id='word_1_100' title='bbox 629 1682 824 1748; x_wconf 89' lang='lat' dir='ltr'>Pharnace.</span> <span class='ocrx_word' id='word_1_101' title='bbox 873 1681 1073 1747; x_wconf 86' lang='lat' dir='ltr'>Pharsaliae</span> <span class='ocrx_word' id='word_1_102' title='bbox 1095 1704 1179 1747; x_wconf 91' lang='lat' dir='ltr'>vero</span> 
     </span>
     <span class='ocr_line' id='line_1_15' title="bbox 125 1781 1179 1870; baseline 0.001 -24"><span class='ocrx_word' id='word_1_103' title='bbox 125 1803 263 1870; x_wconf 85' lang='lat' dir='ltr'>pugnae</span> <span class='ocrx_word' id='word_1_104' title='bbox 288 1804 331 1848; x_wconf 91' lang='lat' dir='ltr'>ne</span> <span class='ocrx_word' id='word_1_105' title='bbox 354 1782 565 1868; x_wconf 92' lang='lat' dir='ltr'>triumphum</span> <span class='ocrx_word' id='word_1_106' title='bbox 586 1782 726 1869; x_wconf 89' lang='lat' dir='ltr'>quidem</span> <span class='ocrx_word' id='word_1_107' title='bbox 750 1782 833 1870; x_wconf 86' lang='lat' dir='ltr'>egit.</span> <span class='ocrx_word' id='word_1_108' title='bbox 882 1781 952 1848; x_wconf 90' lang='lat' dir='ltr'>Eos</span> <span class='ocrx_word' id='word_1_109' title='bbox 976 1782 1069 1846; x_wconf 88' lang='lat' dir='ltr'>enim</span> <span class='ocrx_word' id='word_1_110' title='bbox 1094 1781 1179 1847; x_wconf 90' lang='lat' dir='ltr'>civis</span> 
     </span>
     <span class='ocr_line' id='line_1_16' title="bbox 125 1882 1178 1970; baseline 0.002 -24"><span class='ocrx_word' id='word_1_111' title='bbox 125 1903 242 1969; x_wconf 88' lang='lat' dir='ltr'>pugna</span> <span class='ocrx_word' id='word_1_112' title='bbox 260 1883 318 1946; x_wconf 91' lang='lat' dir='ltr'>illa</span> <span class='ocrx_word' id='word_1_113' title='bbox 331 1882 524 1958; x_wconf 86' lang='lat' dir='ltr'>sustulerat,</span> <span class='ocrx_word' id='word_1_114' title='bbox 540 1883 663 1970; x_wconf 92' lang='lat' dir='ltr'>quibus</span> <span class='ocrx_word' id='word_1_115' title='bbox 680 1904 749 1946; x_wconf 91' lang='lat' dir='ltr'>non</span> <span class='ocrx_word' id='word_1_116' title='bbox 767 1883 869 1948; x_wconf 87' lang='lat' dir='ltr'>modo</span> <span class='ocrx_word' id='word_1_117' title='bbox 881 1882 980 1957; x_wconf 88' lang='lat' dir='ltr'>vivis,</span> <span class='ocrx_word' id='word_1_118' title='bbox 996 1882 1057 1947; x_wconf 90' lang='lat' dir='ltr'>sed</span> <span class='ocrx_word' id='word_1_119' title='bbox 1074 1883 1178 1948; x_wconf 89' lang='lat' dir='ltr'>etiam</span> 
     </span>
     <span class='ocr_line' id='line_1_17' title="bbox 124 1981 1176 2067; baseline 0.001 -23"><span class='ocrx_word' id='word_1_120' title='bbox 124 1982 320 2057; x_wconf 87' lang='lat' dir='ltr'>victoribus,</span> <span class='ocrx_word' id='word_1_121' title='bbox 350 1981 532 2048; x_wconf 89' lang='lat' dir='ltr'>incolumis</span> <span class='ocrx_word' id='word_1_122' title='bbox 565 1992 599 2047; x_wconf 89' lang='lat' dir='ltr'>et</span> <span class='ocrx_word' id='word_1_123' title='bbox 629 1982 756 2047; x_wconf 89' lang='lat' dir='ltr'>florens</span> <span class='ocrx_word' id='word_1_124' title='bbox 791 1981 909 2047; x_wconf 91' lang='lat' dir='ltr'>civitas</span> <span class='ocrx_word' id='word_1_125' title='bbox 941 2003 1017 2047; x_wconf 88' lang='lat' dir='ltr'>esse</span> <span class='ocrx_word' id='word_1_126' title='bbox 1048 1993 1176 2067; x_wconf 89' lang='lat' dir='ltr'>posset.</span> 
     </span>
     <span class='ocr_line' id='line_1_18' title="bbox 124 2081 1175 2169; baseline 0 -24"><span class='ocrx_word' id='word_1_127' title='bbox 124 2098 171 2145; x_wconf 77' lang='lat'>24.</span> <span class='ocrx_word' id='word_1_128' title='bbox 196 2081 299 2165; x_wconf 64' lang='lat' dir='ltr'>(Quod</span> <span class='ocrx_word' id='word_1_129' title='bbox 324 2081 416 2145; x_wconf 90' lang='lat' dir='ltr'>idem</span> <span class='ocrx_word' id='word_1_130' title='bbox 433 2082 624 2169; x_wconf 85' lang='lat' dir='ltr'>contigerat</span> <span class='ocrx_word' id='word_1_131' title='bbox 642 2081 873 2167; x_wconf 88' lang='lat' dir='ltr'>superioribus</span> <span class='ocrx_word' id='word_1_132' title='bbox 889 2082 989 2147; x_wconf 90' lang='lat' dir='ltr'>bellis</span> <span class='ocrx_word' id='word_1_133' title='bbox 1005 2082 1175 2147; x_wconf 91' lang='lat' dir='ltr'>civilibus.</span> 
     </span>
     <span class='ocr_line' id='line_1_19' title="bbox 125 2180 1179 2267; baseline -0.003 -19"><span class='ocrx_word' id='word_1_134' title='bbox 125 2182 218 2248; x_wconf 91' lang='lat' dir='ltr'>Nam</span> <span class='ocrx_word' id='word_1_135' title='bbox 237 2180 319 2245; x_wconf 90' lang='lat' dir='ltr'>mihi</span> <span class='ocrx_word' id='word_1_136' title='bbox 337 2181 469 2245; x_wconf 85' lang='lat' dir='ltr'>consuli</span> <span class='ocrx_word' id='word_1_137' title='bbox 483 2182 687 2267; x_wconf 90' lang='lat' dir='ltr'>supplicatio</span> <span class='ocrx_word' id='word_1_138' title='bbox 701 2182 802 2246; x_wconf 89' lang='lat' dir='ltr'>nullis</span> <span class='ocrx_word' id='word_1_139' title='bbox 815 2182 920 2246; x_wconf 90' lang='lat' dir='ltr'>armis</span> <span class='ocrx_word' id='word_1_140' title='bbox 935 2182 1093 2267; x_wconf 91' lang='lat' dir='ltr'>sumptis,</span> <span class='ocrx_word' id='word_1_141' title='bbox 1109 2203 1179 2246; x_wconf 92' lang='lat' dir='ltr'>non</span> 
     </span>
     <span class='ocr_line' id='line_1_20' title="bbox 125 2281 1176 2358; baseline -0.003 -10"><span class='ocrx_word' id='word_1_142' title='bbox 125 2283 169 2348; x_wconf 95' lang='lat' dir='ltr'>ob</span> <span class='ocrx_word' id='word_1_143' title='bbox 194 2281 335 2347; x_wconf 91' lang='lat' dir='ltr'>caedem</span> <span class='ocrx_word' id='word_1_144' title='bbox 361 2281 521 2357; x_wconf 87' lang='lat' dir='ltr'>hostium,</span> <span class='ocrx_word' id='word_1_145' title='bbox 550 2283 611 2347; x_wconf 90' lang='lat' dir='ltr'>sed</span> <span class='ocrx_word' id='word_1_146' title='bbox 638 2283 682 2347; x_wconf 91' lang='lat' dir='ltr'>ob</span> <span class='ocrx_word' id='word_1_147' title='bbox 708 2281 1003 2347; x_wconf 83' lang='lat' dir='ltr'>conservationem</span> <span class='ocrx_word' id='word_1_148' title='bbox 1036 2281 1176 2358; x_wconf 92' lang='lat' dir='ltr'>civium,</span> 
     </span>
     <span class='ocr_line' id='line_1_21' title="bbox 126 2379 1179 2468; baseline 0 -22"><span class='ocrx_word' id='word_1_149' title='bbox 126 2403 215 2447; x_wconf 89' lang='lat' dir='ltr'>novo</span> <span class='ocrx_word' id='word_1_150' title='bbox 239 2394 272 2445; x_wconf 89' lang='lat' dir='ltr'>et</span> <span class='ocrx_word' id='word_1_151' title='bbox 294 2380 447 2459; x_wconf 80' lang='lat' dir='ltr'>inaudito</span> <span class='ocrx_word' id='word_1_152' title='bbox 471 2402 600 2468; x_wconf 84' lang='lat' dir='ltr'>genere</span> <span class='ocrx_word' id='word_1_153' title='bbox 625 2382 762 2446; x_wconf 90' lang='lat' dir='ltr'>decreta</span> <span class='ocrx_word' id='word_1_154' title='bbox 779 2392 841 2447; x_wconf 88' lang='lat' dir='ltr'>est.</span> <span class='ocrx_word' id='word_1_155' title='bbox 891 2379 1008 2466; x_wconf 69' lang='lat' dir='ltr'>Quam</span> <span class='ocrx_word' id='word_1_156' title='bbox 1035 2381 1080 2446; x_wconf 93' lang='lat' dir='ltr'>ob</span> <span class='ocrx_word' id='word_1_157' title='bbox 1105 2403 1179 2447; x_wconf 90' lang='lat' dir='ltr'>rem</span> 
     </span>
     <span class='ocr_line' id='line_1_22' title="bbox 126 2481 1181 2566; baseline -0.001 -21"><span class='ocrx_word' id='word_1_158' title='bbox 126 2492 184 2545; x_wconf 88' lang='lat' dir='ltr'>aut</span> <span class='ocrx_word' id='word_1_159' title='bbox 207 2481 409 2566; x_wconf 87' lang='lat' dir='ltr'>supplicatio</span> <span class='ocrx_word' id='word_1_160' title='bbox 426 2502 462 2545; x_wconf 92' lang='lat' dir='ltr'>re</span> <span class='ocrx_word' id='word_1_161' title='bbox 479 2481 618 2565; x_wconf 90' lang='lat' dir='ltr'>publica</span> <span class='ocrx_word' id='word_1_162' title='bbox 636 2481 865 2566; x_wconf 88' lang='lat' dir='ltr'>pulcherrime</span> <span class='ocrx_word' id='word_1_163' title='bbox 882 2491 980 2566; x_wconf 87' lang='lat' dir='ltr'>gesta</span> <span class='ocrx_word' id='word_1_164' title='bbox 1004 2481 1181 2565; x_wconf 90' lang='lat' dir='ltr'>postulan-</span> 
     </span>
     <span class='ocr_line' id='line_1_23' title="bbox 125 2580 1181 2667; baseline -0.001 -22"><span class='ocrx_word' id='word_1_165' title='bbox 125 2581 214 2646; x_wconf 91' lang='lat' dir='ltr'>tibus</span> <span class='ocrx_word' id='word_1_166' title='bbox 231 2581 352 2645; x_wconf 91' lang='lat' dir='ltr'>nostris</span> <span class='ocrx_word' id='word_1_167' title='bbox 365 2580 627 2666; x_wconf 88' lang='lat' dir='ltr'>imperatoribus</span> <span class='ocrx_word' id='word_1_168' title='bbox 642 2581 848 2667; x_wconf 86' lang='lat' dir='ltr'>deneganda</span> <span class='ocrx_word' id='word_1_169' title='bbox 864 2590 927 2655; x_wconf 91' lang='lat' dir='ltr'>est,</span> <span class='ocrx_word' id='word_1_170' title='bbox 939 2580 1031 2665; x_wconf 92' lang='lat' dir='ltr'>quod</span> <span class='ocrx_word' id='word_1_171' title='bbox 1043 2592 1181 2665; x_wconf 90' lang='lat' dir='ltr'>praeter</span> 
     </span>
     <span class='ocr_line' id='line_1_24' title="bbox 124 2667 1182 2768; baseline -0.001 -22"><span class='ocrx_word' id='word_1_172' title='bbox 124 2680 171 2746; x_wconf 88' lang='lat' dir='ltr'>A.</span> <span class='ocrx_word' id='word_1_173' title='bbox 191 2679 378 2746; x_wconf 91' lang='lat' dir='ltr'>Gabinium</span> <span class='ocrx_word' id='word_1_174' title='bbox 403 2680 545 2768; x_wconf 86' lang='lat' dir='ltr'>contigit</span> <span class='ocrx_word' id='word_1_175' title='bbox 569 2667 719 2754; x_wconf 84' lang='lat' dir='ltr'>nemini3</span> <span class='ocrx_word' id='word_1_176' title='bbox 755 2691 824 2755; x_wconf 88' lang='lat' dir='ltr'>aut,</span> <span class='ocrx_word' id='word_1_177' title='bbox 847 2680 1096 2765; x_wconf 88' lang='lat' dir='ltr'>supplicatione</span> <span class='ocrx_word' id='word_1_178' title='bbox 1121 2681 1182 2745; x_wconf 88' lang='lat' dir='ltr'>de·</span> 
     </span>
     <span class='ocr_line' id='line_1_25' title="bbox 126 2779 1180 2867; baseline -0.002 -20"><span class='ocrx_word' id='word_1_179' title='bbox 126 2781 311 2855; x_wconf 90' lang='lat' dir='ltr'>cernenda,</span> <span class='ocrx_word' id='word_1_180' title='bbox 345 2779 450 2844; x_wconf 89' lang='lat' dir='ltr'>hostis</span> <span class='ocrx_word' id='word_1_181' title='bbox 484 2801 543 2846; x_wconf 90' lang='lat' dir='ltr'>eos</span> <span class='ocrx_word' id='word_1_182' title='bbox 575 2781 619 2845; x_wconf 90' lang='lat' dir='ltr'>de</span> <span class='ocrx_word' id='word_1_183' title='bbox 652 2779 775 2866; x_wconf 92' lang='lat' dir='ltr'>quibus</span> <span class='ocrx_word' id='word_1_184' title='bbox 808 2779 990 2844; x_wconf 89' lang='lat' dir='ltr'>decernitis</span> <span class='ocrx_word' id='word_1_185' title='bbox 1017 2779 1180 2867; x_wconf 88' lang='lat' dir='ltr'>judicetis</span> 
     </span>
     <span class='ocr_line' id='line_1_26' title="bbox 126 2890 435 2946; baseline -0.01 0"><span class='ocrx_word' id='word_1_186' title='bbox 126 2901 267 2946; x_wconf 84' lang='lat' dir='ltr'>necesse</span> <span class='ocrx_word' id='word_1_187' title='bbox 284 2890 356 2945; x_wconf 84' lang='lat' dir='ltr'>est.</span> <span class='ocrx_word' id='word_1_188' title='bbox 433 2893 435 2897; x_wconf 85' lang='grc'><strong>’</strong></span> 
     </span>
    </p>

    <p class='ocr_par' dir='ltr' id='par_1_3' title="bbox 67 2978 1184 4065">
     <span class='ocr_line' id='line_1_27' title="bbox 171 2978 1182 3066; baseline -0.001 -22"><span class='ocrx_word' id='word_1_189' title='bbox 171 3001 222 3045; x_wconf 82' lang='lat' dir='ltr'>rx.</span> <span class='ocrx_word' id='word_1_190' title='bbox 272 2978 377 3065; x_wconf 69' lang='lat' dir='ltr'>Quod</span> <span class='ocrx_word' id='word_1_191' title='bbox 410 3000 493 3066; x_wconf 87' lang='lat' dir='ltr'>ergo</span> <span class='ocrx_word' id='word_1_192' title='bbox 521 2979 580 3044; x_wconf 90' lang='lat' dir='ltr'>ille</span> <span class='ocrx_word' id='word_1_193' title='bbox 608 3000 657 3054; x_wconf 91' lang='lat' dir='ltr'>re,</span> <span class='ocrx_word' id='word_1_194' title='bbox 676 2978 712 3045; x_wconf 90' lang='lat' dir='ltr'>id</span> <span class='ocrx_word' id='word_1_195' title='bbox 738 3000 805 3066; x_wconf 86' lang='lat' dir='ltr'>ego</span> <span class='ocrx_word' id='word_1_196' title='bbox 833 2980 935 3043; x_wconf 90' lang='lat' dir='ltr'>etiam</span> <span class='ocrx_word' id='word_1_197' title='bbox 962 2979 1080 3053; x_wconf 89' lang='lat' dir='ltr'>verbo,</span> <span class='ocrx_word' id='word_1_198' title='bbox 1098 3000 1182 3044; x_wconf 87' lang='lat' dir='ltr'>cum</span> 
     </span>
     <span class='ocr_line' id='line_1_28' title="bbox 126 3078 1181 3165; baseline -0.003 -21"><span class='ocrx_word' id='word_1_199' title='bbox 126 3081 348 3165; x_wconf 91' lang='lat' dir='ltr'>imperatores</span> <span class='ocrx_word' id='word_1_200' title='bbox 368 3098 427 3142; x_wconf 88' lang='lat' dir='ltr'>eos</span> <span class='ocrx_word' id='word_1_201' title='bbox 448 3079 606 3164; x_wconf 89' lang='lat' dir='ltr'>appello:</span> <span class='ocrx_word' id='word_1_202' title='bbox 637 3080 704 3143; x_wconf 92' lang='lat' dir='ltr'>hoc</span> <span class='ocrx_word' id='word_1_203' title='bbox 726 3078 800 3162; x_wconf 90' lang='lat' dir='ltr'>ipso</span> <span class='ocrx_word' id='word_1_204' title='bbox 824 3079 962 3143; x_wconf 90' lang='lat' dir='ltr'>nomine</span> <span class='ocrx_word' id='word_1_205' title='bbox 985 3089 1017 3143; x_wconf 91' lang='lat' dir='ltr'>et</span> <span class='ocrx_word' id='word_1_206' title='bbox 1039 3101 1098 3143; x_wconf 89' lang='lat' dir='ltr'>eos</span> <span class='ocrx_word' id='word_1_207' title='bbox 1121 3078 1181 3165; x_wconf 91' lang='lat' dir='ltr'>qui</span> 
     </span>
     <span class='ocr_line' id='line_1_29' title="bbox 132 3178 1183 3267; baseline -0.001 -23"><span class='ocrx_word' id='word_1_208' title='bbox 132 3181 204 3267; x_wconf 91' lang='lat' dir='ltr'>jam</span> <span class='ocrx_word' id='word_1_209' title='bbox 230 3178 352 3244; x_wconf 91' lang='lat' dir='ltr'>devicti</span> <span class='ocrx_word' id='word_1_210' title='bbox 378 3188 468 3253; x_wconf 89' lang='lat' dir='ltr'>sunt,</span> <span class='ocrx_word' id='word_1_211' title='bbox 494 3190 528 3243; x_wconf 92' lang='lat' dir='ltr'>et</span> <span class='ocrx_word' id='word_1_212' title='bbox 553 3200 611 3243; x_wconf 92' lang='lat' dir='ltr'>eos</span> <span class='ocrx_word' id='word_1_213' title='bbox 636 3179 693 3263; x_wconf 92' lang='lat' dir='ltr'>qui</span> <span class='ocrx_word' id='word_1_214' title='bbox 720 3190 912 3263; x_wconf 88' lang='lat' dir='ltr'>supersunt,</span> <span class='ocrx_word' id='word_1_215' title='bbox 935 3179 1040 3243; x_wconf 89' lang='lat' dir='ltr'>hostis</span> <span class='ocrx_word' id='word_1_216' title='bbox 1061 3179 1183 3266; x_wconf 90' lang='lat' dir='ltr'>judico</span> 
     </span>
     <span class='ocr_line' id='line_1_30' title="bbox 132 3277 1184 3366; baseline 0.001 -24"><span class='ocrx_word' id='word_1_217' title='bbox 132 3278 227 3365; x_wconf 88' lang='lat' dir='ltr'>[cum</span> <span class='ocrx_word' id='word_1_218' title='bbox 254 3278 399 3344; x_wconf 89' lang='lat' dir='ltr'>victores</span> <span class='ocrx_word' id='word_1_219' title='bbox 427 3279 564 3364; x_wconf 88' lang='lat' dir='ltr'>appello</span> <span class='ocrx_word' id='word_1_220' title='bbox 592 3278 848 3366; x_wconf 88' lang='lat' dir='ltr'>imperatores].</span> <span class='ocrx_word' id='word_1_221' title='bbox 897 3297 943 3343; x_wconf 75' lang='lat' dir='ltr'>aa.</span> <span class='ocrx_word' id='word_1_222' title='bbox 968 3277 1048 3361; x_wconf 72' lang='lat' dir='ltr'>Quo</span> <span class='ocrx_word' id='word_1_223' title='bbox 1077 3279 1184 3343; x_wconf 90' lang='lat' dir='ltr'>modo</span> 
     </span>
     <span class='ocr_line' id='line_1_31' title="bbox 128 3376 1183 3463; baseline 0.001 -21"><span class='ocrx_word' id='word_1_224' title='bbox 128 3378 218 3442; x_wconf 89' lang='lat' dir='ltr'>enim</span> <span class='ocrx_word' id='word_1_225' title='bbox 250 3378 361 3462; x_wconf 90' lang='lat' dir='ltr'>potius</span> <span class='ocrx_word' id='word_1_226' title='bbox 394 3377 544 3445; x_wconf 88' lang='lat' dir='ltr'>Pansam</span> <span class='ocrx_word' id='word_1_227' title='bbox 580 3376 775 3463; x_wconf 88' lang='lat' dir='ltr'>appellem?</span> <span class='ocrx_word' id='word_1_228' title='bbox 809 3379 869 3444; x_wconf 90' lang='lat' dir='ltr'>etsi</span> <span class='ocrx_word' id='word_1_229' title='bbox 902 3380 1005 3444; x_wconf 88' lang='lat' dir='ltr'>habet</span> <span class='ocrx_word' id='word_1_230' title='bbox 1039 3378 1183 3443; x_wconf 89' lang='lat' dir='ltr'>honoris</span> 
     </span>
     <span class='ocr_line' id='line_1_32' title="bbox 127 3476 1183 3565; baseline 0.002 -25"><span class='ocrx_word' id='word_1_231' title='bbox 127 3498 252 3541; x_wconf 90' lang='lat' dir='ltr'>nomen</span> <span class='ocrx_word' id='word_1_232' title='bbox 281 3479 495 3563; x_wconf 89' lang='lat' dir='ltr'>amplissimi.</span> <span class='ocrx_word' id='word_1_233' title='bbox 548 3477 630 3565; x_wconf 68' lang='lat' dir='ltr'>Quo</span> <span class='ocrx_word' id='word_1_234' title='bbox 656 3476 828 3543; x_wconf 88' lang='lat' dir='ltr'>Hirtium?</span> <span class='ocrx_word' id='word_1_235' title='bbox 874 3479 936 3544; x_wconf 87' lang='lat' dir='ltr'>Est</span> <span class='ocrx_word' id='word_1_236' title='bbox 958 3479 1015 3543; x_wconf 92' lang='lat' dir='ltr'>ille</span> <span class='ocrx_word' id='word_1_237' title='bbox 1040 3479 1183 3564; x_wconf 90' lang='lat' dir='ltr'>quidem</span> 
     </span>
     <span class='ocr_line' id='line_1_33' title="bbox 128 3577 1180 3664; baseline 0 -22"><span class='ocrx_word' id='word_1_238' title='bbox 128 3577 260 3651; x_wconf 90' lang='lat' dir='ltr'>consul,</span> <span class='ocrx_word' id='word_1_239' title='bbox 274 3577 335 3642; x_wconf 89' lang='lat' dir='ltr'>sed</span> <span class='ocrx_word' id='word_1_240' title='bbox 350 3578 493 3644; x_wconf 89' lang='lat' dir='ltr'>alterum</span> <span class='ocrx_word' id='word_1_241' title='bbox 512 3601 637 3645; x_wconf 90' lang='lat' dir='ltr'>nomen</span> <span class='ocrx_word' id='word_1_242' title='bbox 653 3579 798 3645; x_wconf 87' lang='lat' dir='ltr'>benefici</span> <span class='ocrx_word' id='word_1_243' title='bbox 815 3580 933 3664; x_wconf 92' lang='lat' dir='ltr'>populi</span> <span class='ocrx_word' id='word_1_244' title='bbox 946 3578 1096 3643; x_wconf 90' lang='lat' dir='ltr'>Romani</span> <span class='ocrx_word' id='word_1_245' title='bbox 1114 3589 1180 3653; x_wconf 91' lang='lat' dir='ltr'>est,</span> 
     </span>
     <span class='ocr_line' id='line_1_34' title="bbox 67 3676 1181 3768; baseline -0.002 -26"><span class='ocrx_word' id='word_1_246' title='bbox 67 3713 72 3721; x_wconf 90' lang='lat'>·</span> <span class='ocrx_word' id='word_1_247' title='bbox 128 3677 272 3742; x_wconf 89' lang='lat' dir='ltr'>alterum</span> <span class='ocrx_word' id='word_1_248' title='bbox 302 3678 434 3746; x_wconf 87' lang='lat' dir='ltr'>virtutis</span> <span class='ocrx_word' id='word_1_249' title='bbox 470 3692 571 3768; x_wconf 90' lang='lat' dir='ltr'>atque</span> <span class='ocrx_word' id='word_1_250' title='bbox 602 3679 776 3744; x_wconf 90' lang='lat' dir='ltr'>victoriae.</span> <span class='ocrx_word' id='word_1_251' title='bbox 827 3676 945 3761; x_wconf 76' lang='lat' dir='ltr'>Quid?</span> <span class='ocrx_word' id='word_1_252' title='bbox 976 3677 1181 3752; x_wconf 89' lang='lat' dir='ltr'>Caesarem,</span> 
     </span>
     <span class='ocr_line' id='line_1_35' title="bbox 127 3777 1183 3866; baseline -0.003 -21"><span class='ocrx_word' id='word_1_253' title='bbox 127 3779 270 3845; x_wconf 91' lang='lat' dir='ltr'>deorum</span> <span class='ocrx_word' id='word_1_254' title='bbox 295 3780 462 3845; x_wconf 89' lang='lat' dir='ltr'>beneficio</span> <span class='ocrx_word' id='word_1_255' title='bbox 487 3782 536 3845; x_wconf 91' lang='lat' dir='ltr'>rei</span> <span class='ocrx_word' id='word_1_256' title='bbox 560 3780 964 3866; x_wconf 56' lang='lat' dir='ltr'>publicae‘procreatum,</span> <span class='ocrx_word' id='word_1_257' title='bbox 983 3777 1183 3842; x_wconf 89' lang='lat' dir='ltr'>dubitemne</span> 
     </span>
     <span class='ocr_line' id='line_1_36' title="bbox 128 3877 1184 3964; baseline 0 -23"><span class='ocrx_word' id='word_1_258' title='bbox 128 3880 304 3963; x_wconf 89' lang='lat' dir='ltr'>appellare</span> <span class='ocrx_word' id='word_1_259' title='bbox 324 3878 587 3962; x_wconf 86' lang='lat' dir='ltr'>imperatorem?</span> <span class='ocrx_word' id='word_1_260' title='bbox 618 3879 676 3964; x_wconf 89' lang='lat' dir='ltr'>qui</span> <span class='ocrx_word' id='word_1_261' title='bbox 693 3880 822 3964; x_wconf 92' lang='lat' dir='ltr'>primus</span> <span class='ocrx_word' id='word_1_262' title='bbox 839 3877 967 3944; x_wconf 89' lang='lat' dir='ltr'>Antoni</span> <span class='ocrx_word' id='word_1_263' title='bbox 993 3877 1184 3941; x_wconf 87' lang='lat' dir='ltr'>immanem</span> 
     </span>
     <span class='ocr_line' id='line_1_37' title="bbox 129 3976 1182 4065; baseline 0.003 -26"><span class='ocrx_word' id='word_1_264' title='bbox 129 3988 163 4039; x_wconf 91' lang='lat' dir='ltr'>et</span> <span class='ocrx_word' id='word_1_265' title='bbox 187 3978 323 4042; x_wconf 86' lang='lat' dir='ltr'>foedam</span> <span class='ocrx_word' id='word_1_266' title='bbox 352 3976 585 4041; x_wconf 90' lang='lat' dir='ltr'>crudelitatem</span> <span class='ocrx_word' id='word_1_267' title='bbox 613 3999 682 4041; x_wconf 89' lang='lat' dir='ltr'>non</span> <span class='ocrx_word' id='word_1_268' title='bbox 705 3979 814 4042; x_wconf 90' lang='lat' dir='ltr'>solum</span> <span class='ocrx_word' id='word_1_269' title='bbox 842 3978 1013 4065; x_wconf 86' lang='lat' dir='ltr'>ajugulis</span> <span class='ocrx_word' id='word_1_270' title='bbox 1042 3977 1182 4052; x_wconf 75' lang='lat' dir='ltr'>nostriS,</span> 
     </span>
    </p>
   </div>
   <div class='ocr_carea' id='block_1_3' title="bbox 0 0 1373 4438">
    <p class='ocr_par' dir='ltr' id='par_1_4' title="bbox 0 0 1373 4438">
     <span class='ocr_line' id='line_1_38' title="bbox 0 0 1373 4438; baseline 0 0"><span class='ocrx_word' id='word_1_271' title='bbox 0 0 1373 4438; x_wconf 95' lang='lat' dir='ltr'> </span> 
     </span>
    </p>
   </div>
  </div>
 </body>
</html>
