2760 4448
153 263 198 303 ιν.
214 249 285 320 122-]
423 253 619 320 Marcellus
643 255 699 320 the
728 255 945 342 Conquerar.
1159 271 1202 345 45

189 471 267 516 1.1v.
294 466 324 513 o.
348 451 454 518 Nunc
475 455 519 519 ad
538 455 746 521 Marcellum
763 468 927 533 revertar,
946 477 990 522 ne
1007 456 1094 524 haec
1111 479 1131 523 a
1147 481 1203 526 me

147 551 217 616 siue
251 574 359 617 causa
394 570 661 620 commemorata
693 578 768 621 esse
799 557 998 621 videantur:
1037 560 1095 645 qui
1124 581 1202 625 cum

145 663 211 715 tarn
230 655 450 738 praeclaram
469 656 586 719 urbem
604 656 636 719 vi
654 657 829 743 copiisque
847 658 1004 742 cepisset,
1020 682 1088 724 non
1105 674 1203 745 puta·

143 752 189 815 vit
221 754 269 816 ad
301 754 442 818 laudem
475 755 592 842 populi
624 756 776 820 Romani
808 758 875 822 hoc
902 759 1085 844 pertinere,
1112 763 1202 826 hanc

142 853 452 938 pulchritudinem,
468 877 511 919 ex
527 877 594 943 qua
612 857 811 943 praesertim
828 859 971 944 periculi
988 860 1073 925 nibil
1090 872 1202 925 osten-

143 957 295 1032 deretur,
315 958 431 1024 delere
448 970 481 1023 et
497 960 730 1046 exstinguere.
775 959 894 1047 ltaque
912 960 1077 1026 aedificiis
1093 961 1202 1025 omni·

142 1057 220 1131 bus,
252 1058 402 1144 publicis
435 1059 595 1145 privatis,
617 1060 725 1125 sacris
758 1060 923 1145 profanis,
953 1062 1003 1126 sic
1034 1061 1199 1146 pepercit,

142 1160 243 1244 quasi
261 1160 306 1223 ad
325 1180 366 1224 ea
383 1158 601 1224 defendenda
618 1179 698 1223 cum
718 1160 883 1237 exercitu,
902 1181 971 1226 uon
995 1182 1200 1247 oppugnan-

143 1259 188 1323 da
200 1259 366 1346 venisset.
405 1258 445 1323 In
462 1269 583 1323 ornatu
599 1259 692 1324 urbis
710 1259 828 1324 habuit
839 1260 1001 1325 victoriae
1018 1260 1197 1336 rationem,

141 1357 266 1422 habuit
282 1358 515 1423 humanitatis.
564 1358 737 1424 Victoriae
754 1360 896 1445 putabat
911 1380 987 1426 esse
1004 1361 1110 1424 multa
1127 1359 1200 1425 Ro·

141 1480 239 1523 mam
268 1460 462 1545 deportare,
492 1480 581 1546 quae
609 1473 810 1525 ornamento
837 1460 913 1525 urbi
941 1482 1017 1526 esse
1046 1471 1197 1547 possent,

141 1558 368 1624 humanitatis
393 1581 460 1624 non
486 1561 588 1645 plane
617 1560 810 1645 exspoliare
839 1560 971 1637 urbem,
997 1559 1199 1646 praesertim

141 1681 249 1746 quam
266 1681 472 1725 conservare
489 1660 663 1725 voluisset.
710 1673 738 1721 r.
762 1660 802 1724 In
819 1660 887 1725 hac
903 1661 1082 1745 partitione
1098 1672 1203 1724 orna·‘

140 1770 196 1825 tus
213 1782 285 1825 non
302 1761 380 1846 plus
397 1759 535 1824 victoria
554 1758 713 1823 Marcelli
730 1761 858 1845 populo
881 1759 1043 1825 Romano
1068 1759 1199 1845 appeti·

139 1860 189 1924 vit
205 1881 313 1947 quam
331 1859 526 1925 humanitas
543 1859 775 1946 Syracusanis
799 1860 997 1924 reservavit.
1047 1859 1197 1925 Romam

140 1946 234 2048 quae
266 1971 444 2046 apportata
476 1970 567 2034 suut,
593 1959 638 2024 ad
667 1960 788 2024 aedem
819 1958 968 2025 Honoris
995 1971 1029 2026 et
1054 1959 1198 2028 Virtutis

139 2061 295 2149 itemque
312 2061 387 2125 aliis
404 2060 439 2123 in
456 2059 540 2125 locis
556 2059 725 2124 videmus.
775 2059 872 2125 Nihil
888 2059 924 2125 in
942 2062 1097 2139 aedibus,
1112 2063 1197 2128 nihil

140 2161 178 2225 in
195 2162 302 2226 hortis
318 2160 445 2247 posuit,
463 2159 549 2224 nihil
571 2159 606 2223 in
630 2160 849 2226 suburbano:
870 2162 1025 2247 putavit,
1051 2163 1080 2228 si
1102 2163 1197 2228 urbis

82 2282 87 2290 ·
140 2272 345 2326 ornamenta
362 2262 502 2326 domum
520 2281 617 2324 suam
630 2281 702 2324 >non
719 2261 929 2336 contulisset,
945 2261 1084 2327 domum
1098 2284 1196 2328 suam

141 2372 345 2427 ornamento
369 2359 444 2424 urbi
469 2359 629 2424 suturam.
680 2359 865 2447 Syracusis
889 2373 1003 2426 autem
1027 2363 1196 2447 permulta

141 2475 246 2549 atque
274 2460 417 2549 egregia
446 2460 601 2546 reliquit:
637 2460 740 2525 deum
768 2482 850 2526 vero
880 2461 1013 2525 nullum
1042 2462 1194 2539 violavit,

140 2562 276 2627 nullum
301 2560 422 2648 attigit.
472 2558 633 2625 Conferte
660 2559 828 2625 Verrem:
861 2582 931 2625 nou
957 2572 994 2625 ut
1022 2561 1195 2627 hominem

141 2684 221 2727 cum
243 2661 382 2727 homine
403 2660 621 2744 comparetis
640 2681 684 2724 ne
708 2680 776 2746 qua
800 2660 859 2724 tali
883 2660 957 2726 viro
981 2672 1115 2726 mortuo
1138 2663 1197 2727 fiat

140 2762 280 2851 injuria,
299 2761 361 2826 sed
376 2771 413 2825 ut
429 2780 551 2845 pacem
569 2781 647 2824 curn
669 2760 774 2834 bello,
794 2760 891 2846 leges
916 2780 995 2824 cum
1018 2761 1065 2835 vi,
1084 2761 1195 2826 sorum

139 2875 174 2928 et
197 2862 286 2951 juris
311 2860 492 2926 dictionem
518 2880 597 2924 cum
625 2857 715 2922 ferro
743 2869 776 2922 et
804 2859 920 2934 armis,
947 2860 1132 2925 adveutum
1163 2872 1197 2927 et

139 2963 339 3029 comitatum
364 2982 442 3025 cum
467 2959 618 3024 exercitu
643 2969 676 3022 et
699 2957 839 3023 victoria
864 2958 1058 3024 conseratis.

185 3083 247 3128 1.v.
275 3075 302 3122 s.
325 3060 434 3125 Aedis
462 3059 643 3124 Minervae
667 3070 717 3123 est
741 3058 776 3122 in
801 3058 932 3134 Insula,
957 3060 1000 3124 de
1024 3080 1093 3145 qua
1117 3072 1195 3128 ante

138 3163 234 3229 dixi:
259 3182 364 3248 quam
382 3159 571 3224 Marcellus
588 3180 657 3223 non
674 3158 797 3246 attigit,
816 3180 920 3245 quarn
937 3159 1076 3245 plenam
1093 3172 1195 3247 atque

139 3274 298 3330 ornatam
322 3260 477 3348 reliquit:
509 3280 598 3346 quae
623 3259 666 3323 ab
690 3259 754 3324 isto
779 3259 828 3324 sic
852 3260 996 3344 spoliata
1020 3269 1121 3345 atque
1145 3263 1195 3327 di-

140 3376 237 3450 repta
262 3373 325 3437 est,
347 3383 416 3426 non
440 3370 478 3424 ut
501 3360 545 3423 ab
567 3360 663 3424 hoste
686 3359 814 3445 aliquo,
836 3360 893 3445 qui
913 3351 1029 3424 tame‘n
1048 3361 1083 3424 in
1102 3363 1194 3428 bello

138 3463 348 3550 religionum
372 3471 407 3525 et
434 3457 689 3525 consuetudinis
713 3458 793 3546 jura
817 3458 989 3534 retineret,
1020 3461 1082 3525 sed
1109 3473 1146 3526 ut
1173 3483 1193 3527 a

136 3563 296 3629 barbaris
323 3559 555 3647 praedonibus
582 3569 708 3623 vexata
735 3578 811 3623 esse
839 3558 1008 3623 videatur.
1068 3560 1193 3648 Pugna

139 3674 214 3728 erat
240 3659 407 3748 equestris
434 3657 621 3746 Agathocli
650 3657 744 3744 regis
772 3657 807 3720 in
835 3658 960 3724 tabulis
988 3659 1099 3745 picta:
1141 3660 1193 3726 his

140 3775 255 3827 autem
284 3760 409 3826 tabulis
433 3758 610 3823 interiores
634 3757 752 3842 templi
777 3756 924 3843 parietes
947 3759 1190 3824 vestiebantur.

140 3862 240 3927 Nihil
267 3871 341 3926 erat
368 3880 410 3923 ea
438 3858 569 3944 pictura
595 3858 757 3932 nobilius,
784 3858 869 3922 nihil
893 3857 1077 3944 Syracusis
1101 3860 1192 3945 quod

141 3961 254 4049 magis
273 3960 454 4027 visendum
474 3968 661 4045 putaretur.
713 3957 787 4023 Has
811 3959 946 4024 tabulas
970 3957 1022 4022 M.
1043 3957 1198 4055 Marcel-v
