2572 4442
529 1 607 4 ,—77

9 6 247 279 Γ

25 323 45 363 v.
60 308 96 379 9·]
190 306 263 374 His
294 305 332 374 Τ
326 306 482 372 echnical
500 305 614 393 Rigm
636 326 676 370 as
704 302 851 371 Citizen.
989 319 1051 392 137

53 523 77 572 t.
97 508 183 575 Data
206 519 259 574 est
281 507 402 574 civitas
423 505 556 573 Silvani
573 506 651 594 lege
668 515 701 571 et
717 503 907 572 Carbonisz
933 503 1057 593 Siqua·

19 610 130 695 soeder
153 610 197 683 tis
223 609 426 673 comitatibus
451 607 601 692 ascripti
609 607 791 690 suz‘ssent;
814 606 848 668 si
861 602 954 721 Μ’
976 627 1051 713 ciqn

22 711 61 773 lex
80 631 291 793 sm,
318 709 355 771 in
387 707 498 772 Italia
529 672 739 770 domt'czi-iu'm
770 704 816 770 ha
840 726 950 769 uissen
974 725 987 782 ‚·
1019 712 1053 770 et

31 810 43 870 i
56 809 233 894 sexffliita
259 808 379 871 diebus
402 806 502 893 apud
525 811 730 892 praetorem
754 812 863 894 essent
880 803 1048 891 professi.

43 928 87 970 um
103 909 158 971 hic
175 906 394 972 domicilium
420 906 555 993 RQae
581 905 704 969 multos
721 903 794 992 jam
821 925 931 995 annos
948 904 1071 993 hab-en

45 1017 64 1080 t,
79 1005 252 1092 professus
283 1018 335 1071 est
350 1005 442 1091 apud
470 1015 661 1089 praetorem
680 1001 734 1089 Q
748 1002 928 1068 Metellum
954 1002 1052 1067 sami·

27 1105 215 1169 larissimum
246 1128 363 1171 suum.
412 1118 439 1165 s.
463 1103 501 1170 Si
528 1104 612 1168 nihil
638 1103 732 1169 aliud
760 1103 825 1168 nisi
850 1102 1052 1181 decivitate

34 1205 130 1292 clege
155 1206 323 1282 dicimus,
342 1205 428 1271 nihil
450 1205 527 1271 dico
550 1204 719 1290 amplius:
744 1225 849 1270 causa
874 1205 965 1271 dicta
987 1216 1050 1271 est.
1092 1262 1107 1293 a
1139 1254 1166 1299 7
1221 1246 1226 1263 .
1253 1222 1260 1263 t

21 1300 92 1387 Qud
115 1306 210 1370 enim
240 1306 366 1398 hQum
398 1303 575 1380 infirmari,
603 1303 714 1380 (ἰωή,
739 1303 880 1390 potest?
941 1305 1053 1370 Hera·
1072 1290 1107 1361 lis
1139 1310 1229 1359 aas*
1263 1306 1267 1315 “

19 1403 125 1481 chaeno
141 1426 221 1470 esse
237 1417 315 1470 tum
331 1405 517 1490 ascriptum
534 1402 701 1492 negabis?
724 1404 836 1470 Adest
850 1403 903 1470 vir
918 1425 1053 1470 summa

20 1503 192 1615 suffitum
210 1516 247 1570 et
259 1504 428 1592 religione
444 1514 478 1568 et
493 1502 574 1589 lide,
589 1503 642 1569 M.
657 1503 840 1580 Lucullus,
854 1503 914 1591 qui
930 1525 966 1569 se
983 1526 1053 1569 nou

33 1622 126 1692 pmarr
150 1604 215 1670 sed
242 1605 347 1680 scire,
365 1625 434 1668 nou
459 1602 596 1669 audisse
620 1604 681 1669 sed
698 1604 838 1680 vidisse,
858 1625 927 1669 non
950 1604 1053 1668 inter·
1094 1676 1099 1691 ⁸

22 1697 99 1766 luisse
122 1703 184 1769 sed
210 1704 330 1792 egisse
354 1703 447 1768 dicit.
500 1702 638 1769 Adsunt
664 1703 908 1791 Heraclienses
932 1703 1050 1792 1le
1063 1691 1210 1765 amm
1230 1692 1245 1747 ⁶·

25 1800 198 1868 tobilissimi
217 1805 399 1870 homines:
426 1803 527 1891 hujus
539 1802 647 1891 judici
664 1824 770 1869 causa
787 1825 867 1868 cum
884 1804 1053 1870 mandatis

24 1910 117 1965 etcum
132 1906 278 1989 publico
291 1903 482 1969 testimonio
499 1902 701 1992 [venerunt]
718 1926 726 1978 ;
744 1904 802 1990 qui
819 1906 912 1970 hunc
925 1904 1054 1989 ascrip-

23 2006 72 2064 tum
88 2001 140 2068 He
160 2006 353 2071 aeliensem
382 2004 537 2117 dicunt!
562 2002 631 2070 Hic
655 2015 692 2070 tu
718 2006 852 2071 tabulas
877 2005 1054 2072 desideras

25 2028 282 2172 Heraclifflhnn
299 2104 476 2191 publicas:
501 2125 587 2191 quas
604 2105 726 2171 Italico
743 2106 833 2172 bello
850 2106 991 2173 incenso
1005 2056 1230 2241 tavida&

24 2195 107 2268 huleri
148 2196 310 2275 interisse
329 2206 457 2273 scimus
476 2205 601 2275 omnis.
627 2173 714 2272 'dit
737 2206 918 2293 τὲως-ω
943 2208 988 2272 ad
1011 2227 1054 2272 ea

24 2228 277 2381 &abemus
301 2307 385 2371 nihil
405 2306 533 2382 dicere,
551 2327 717 2393 quaerere
734 2298 967 2394 quaeliibere
984 2329 1053 2377 non

26 2417 202 2483 possumus3
229 2420 266 2474 et
281 2408 324 2473 de
341 2407 518 2481 hominum
538 2408 704 2473 memoria
721 2421 848 2490 tacere,
866 2409 1053 2474 litterarum

26 2507 201 2573 memoriam
226 2508 407 2596 flagitare3
437 2519 482 2581 et,
506 2529 583 2572 cum
609 2509 739 2573 habeas
764 2508 965 2595 amplissimi
990 2508 1052 2572 viri

28 2598 218 2688 religionem,
237 2607 448 2696 integerrimi
473 2608 636 2694 municipi
652 2608 710 2697 jus
728 2608 914 2696 jurandum
934 2608 1054 2674 fidem·

29 2714 84 2779 lle,
99 2726 137 2770 ea
154 2730 250 2794 quae
266 2708 448 2793 depravari
469 2707 563 2772 nullo
580 2708 682 2772 modo
699 2719 841 2791 possunt
857 2710 1051 2791 repudiare,
1087 2738 1096 2821 q

32 2797 148 2911 tabulas,
166 2830 257 2895 quas
274 2808 363 2872 idem
381 2807 466 2871 dicis
490 2807 600 2895 Q
617 2806 802 2890 corrumpi,
821 2808 1029 2889 desiderare.

56 2910 77 2959 ⁰·
91 2901 145 2968 An
163 2906 376 2973 domicilium
392 2893 612 2981 Romae—tion
631 2905 748 2970 babuit
764 2905 805 2980 is,
819 2905 878 2992 qui
895 2918 942 2971 tot
954 2906 1053 2999 QS

37 3008 84 3064 ttle
103 3006 276 3075 civitatem
300 3007 415 3070 datam
441 3005 559 3071 sedem
583 3004 738 3069 omnium
754 3027 868 3069 rerum
893 3026 935 3070 ac
951 3005 1055 3070 sortu-

33 3110 124 3167 narum
147 3128 291 3175 suarum
315 3105 450 3170 Romae
474 3103 696 3170 conlocavit?
742 3104 789 3170 At
812 3127 880 3170 non
905 3115 956 3170 est
977 3127 1055 3192 pro·

31 3188 125 3267 sessus.
142 3207 288 3371 φο
312 3226 394 3293 uero
417 3205 467 3269 eis
495 3206 619 3270 tabulis
642 3204 828 3291 professus,
847 3227 935 3292 quae
960 3207 1054 3292 solae

30 3308 60 3355 ex
69 3296 120 3366 illa
132 3328 193 3390 pro
210 3282 345 3372 essioue
357 3305 584 3392 conlegioque
597 3317 790 3390 praetorum
804 3307 957 3370 obtinent
969 3307 1054 3391 pub·

31 3386 148 3468 litatum
164 3407 357 3472 tabularum
372 3405 635 3497 auctoritatemq
652 3424 690 3468 v.
709 3404 945 3471 Nam-cum
961 3406 1053 3492 Appi

30 3491 142 3567 tabulae
167 3507 270 3593 negle
298 3504 408 3570 eutius
436 3504 637 3570 adservatae
664 3503 878 3591 &Qum
911 3505 1053 3581 Gabini,

32 3605 112 3671 luam
134 3605 193 3671 diu
223 3527 404 3671 incqoiinis
439 3603 513 3680 fuit,
541 3603 673 3678 levitaS,
692 3597 1054 3689 po'sr‘damnationem

31 3691 184 3770 calamitas
202 3725 340 3771 ornnem
359 3704 552 3768 tabularum
576 3704 680 3767 fidem
704 3703 1056 3791 resignasset-Me·

33 3789 123 3872 tellus,
139 3802 239 3870 homo
263 3802 498 3869 sanctissimus
523 3801 862 3890 modestissimusque
885 3804 1052 3879 omnium,

32 3891 105 3958 tanta
125 3902 299 3993 diligeqfia
322 3903 397 3978 fuit,
415 3912 452 3967 ut
468 3902 511 3967 ad
533 3901 578 3966 L.
597 3901 784 3967 Lentulum
810 3914 1001 3988 praetorem
1022 3913 1056 3967 et
1133 3971 1140 3980 ,

33 3984 355 4085 adjudices'iie'iierit,
373 4001 523 4068 etunius
548 4000 696 4068 nominis
719 4001 820 4067 litura
844 4024 881 4068 se
905 4023 1056 4068 commo·
