2760 4448
131 265 209 308 xxn.
222 246 276 318 72.]
300 241 513 308 Parricida:
548 241 605 306 the
634 240 751 308 Crirne
774 241 849 305 and
870 241 913 306 its
937 240 1099 327 Penalty.
1141 262 1180 307 11

136 446 348 534 jugulatum.
397 443 488 511 Cum
502 465 616 531 neque
633 465 752 509 servus
768 442 948 530 quisquam
965 440 1181 528 reperiretur,

128 567 238 631 neque
255 546 359 620 liber,
378 546 423 613 ad
439 565 542 630 quern
560 564 601 608 ea
626 542 767 627 suspitio
791 542 986 627 pertineret,
1005 543 1040 607 id
1064 543 1184 607 aetatis

126 657 241 708 autem
271 645 343 709 duo
370 643 431 707 filii
455 654 596 728 propter
617 643 781 708 cubantes
805 663 849 705 ne
873 642 1020 707 sensisse
1044 642 1182 729 quidem

125 765 162 809 se
178 745 351 819 dicerent,
371 742 512 807 nomina
528 742 676 807 filiorum
693 742 736 806 de
753 741 936 826 parricidio
953 742 1066 807 delata
1090 753 1180 807 sunt.

125 843 224 928 Quid
241 854 378 929 poterat
392 853 462 905 tam
481 862 558 906 esse
580 839 822 926 suspitiosum?
868 840 1083 906 Neutrumne
1106 863 1185 907 sen·

124 941 236 1008 sisse?
284 941 423 1006 Ausum
452 952 569 1006 autem
593 961 668 1006 esse
692 961 899 1028 quemquam
924 963 962 1007 se
985 941 1020 1006 in
1044 941 1079 1007 id
1103 962 1185 1007 con·

124 1044 227 1109 clave
244 1042 472 1117 committere,
488 1061 531 1106 eo
547 1040 761 1126 potissimum
779 1052 946 1127 ternpore,
960 1062 1039 1107 cum
1056 1042 1183 1108 ibidem

124 1153 244 1209 essent
272 1143 342 1208 duo
367 1143 608 1207 adulescentes
632 1141 705 1217 filii,
723 1141 782 1229 qui
806 1153 839 1207 et
862 1142 987 1208 sentire
1011 1155 1044 1209 et
1066 1143 1185 1209 desen·

125 1245 210 1309 dere
227 1242 331 1308 facile
348 1252 490 1328 possent
507 1241 522 1307 i
567 1258 614 1306 ar.
637 1241 721 1307 Erat
737 1264 837 1328 porro
854 1264 955 1309 nemo
971 1243 1007 1308 in
1023 1265 1125 1331 quem
1142 1264 1184 1308 ea

126 1344 273 1430 suspitio
302 1343 512 1410 conveniret.
577 1343 713 1408 Tamen
741 1363 821 1408 cum
848 1344 990 1429 planum
1011 1344 1185 1433 judicibus

127 1458 221 1511 esset
236 1444 380 1521 sactum,
396 1444 514 1530 aperio
531 1444 618 1510 ostio
634 1444 834 1509 dormientis
850 1465 910 1510 eos
926 1458 1077 1530 repertos
1092 1466 1182 1519 esse,

134 1545 267 1634 judicio
285 1545 432 1611 absoluti
446 1545 683 1610 adulescentes
695 1555 730 1610 et
741 1544 928 1630 suspitione
941 1545 1034 1611 omni
1051 1545 1184 1611 liberati

130 1657 222 1712 sunt.
273 1645 389 1711 Nemo
414 1645 505 1710 enim
526 1645 667 1731 putabat
683 1666 891 1731 quemquam
908 1666 998 1720 esse,
1015 1645 1087 1732 qui,
1105 1665 1184 1710 cum

130 1747 248 1811 omnia
265 1746 383 1811 divina
402 1756 502 1832 atque
520 1746 671 1809 humana
685 1745 764 1833 jura
781 1746 911 1810 scelere
927 1745 1059 1810 nefario
1075 1745 1186 1831 pollu-

131 1846 224 1921 isset,
240 1867 401 1911 somnum
414 1846 527 1909 statim
542 1864 665 1930 capere
678 1847 862 1930 potuisset3
882 1857 1062 1931 propterea
1078 1847 1183 1932 quod,

134 1946 188 2032 qui
205 1956 339 2010 tantum
356 1945 490 2010 facinus
510 1945 765 2020 commiserunt,
784 1967 854 2010 non
878 1947 980 2011 modo
1004 1945 1078 2011 sine
1101 1966 1185 2012 cura

134 2046 323 2132 quiescere,
343 2046 404 2110 sed
421 2065 463 2110 ne
481 2044 611 2130 spirare
628 2045 765 2131 quidem
784 2046 857 2110 sine
874 2057 966 2110 metu
984 2057 1136 2131 possunt.

174 2162 220 2210 2⁸.
247 2144 369 2231 Quare
393 2146 458 2209 hoc
482 2166 551 2231 quo
575 2144 688 2209 minus
709 2155 760 2210 est
776 2145 939 2210 credibile
956 2146 1020 2211 nisi
1037 2145 1186 2211 ostendi·

131 2257 197 2322 tur,
212 2267 255 2310 eo
273 2244 388 2332 magis
405 2254 468 2320 est,
484 2244 512 2308 si
529 2243 754 2319 convincitur,
772 2244 1031 2310 vindicandum.
1065 2244 1185 2332 ltaque

132 2367 209 2411 curn
233 2344 350 2409 multis
372 2365 417 2409 ex
440 2344 543 2409 rebus
566 2343 720 2430 intellegi
745 2354 855 2428 potest
878 2345 1024 2432 majores
1052 2355 1184 2409 nostros

132 2468 199 2511 non
230 2446 334 2509 modo
359 2444 465 2508 armis
489 2444 566 2528 plus
590 2463 694 2529 quam
720 2455 849 2509 ceteras
874 2445 1042 2520 nationeS,
1064 2466 1184 2510 verum

132 2545 235 2610 etiam
253 2543 397 2610 consilio
410 2542 648 2628 sapientiaque
666 2543 829 2628 potuisse,
844 2554 916 2608 tum
933 2564 977 2608 ex
993 2545 1060 2608 hac
1076 2565 1113 2609 re
1129 2544 1184 2607 vel

132 2645 298 2719 maxime,
316 2644 409 2730 quod
425 2643 461 2707 in
479 2642 601 2728 impios
618 2643 794 2729 singulare
814 2642 1020 2728 supplicium
1045 2643 1185 2708 invene·

132 2757 230 2810 runt:
255 2742 346 2808 insui
363 2743 545 2808 voluerunt
561 2741 595 2805 in
613 2743 748 2806 culeum
761 2742 870 2816 vivos,
887 2752 987 2828 atque
1004 2742 1038 2805 in
1055 2742 1184 2807 flumen

135 2845 232 2910 deici.
285 2843 318 2908 Ο
353 2842 566 2930 singularem
602 2841 818 2926 sapientiam,
851 2840 1007 2930 judiees!
1057 2841 1185 2908 Nonne

133 2946 292 3010 videntur
320 2943 413 3007 hunc
442 2941 616 3025 hominem
646 2963 690 3005 ex
718 2962 831 3006 rerum
861 2952 983 3007 natura
1007 2942 1185 3009 sustulisse

133 3057 165 3110 et
185 3043 367 3130 eripuisse,
394 3041 450 3107 cui
474 3052 615 3128 repente
643 3041 791 3118 caelum,
817 3043 940 3118 solem,
966 3064 1092 3130 aquam
1119 3055 1186 3109 ter·

132 3166 276 3232 ramque
306 3142 516 3208 ademerint:
548 3152 586 3207 ut
612 3142 671 3228 qui
700 3163 777 3206 eum
795 3154 966 3218 necasset,
995 3145 1087 3210 unde
1110 3144 1185 3231 ipse

132 3256 232 3310 natus
267 3254 368 3319 esset,
403 3252 535 3307 careret
566 3241 615 3307 eis
647 3242 748 3306 rebus
780 3242 951 3317 omnibus,
986 3265 1030 3308 ex
1061 3245 1185 3330 quibus

132 3345 249 3409 omnia
267 3354 348 3407 nata
365 3352 441 3408 esse
457 3340 638 3408 dicuntur?
681 3358 729 3405 aa.
752 3341 948 3433 Noluerunt
964 3342 1043 3410 seris
1061 3366 1185 3430 corpus

132 3444 284 3517 obicere,
302 3464 348 3506 ne
362 3442 480 3508 bestiis
496 3462 645 3528 quoque,
664 3462 753 3528 quae
770 3452 901 3507 tantum
919 3446 1031 3511 scelus
1055 3444 1185 3531 attigis-

134 3554 219 3618 sent,
244 3541 505 3606 immanioribus
528 3552 714 3607 uteremur.
763 3540 843 3607 Non
868 3543 919 3608 sic
939 3546 1050 3610 nudos
1070 3545 1105 3609 in
1121 3545 1185 3609 flu-

134 3663 212 3706 men
237 3641 387 3714 deicere,
413 3661 469 3716 ne,
496 3662 574 3705 cum
600 3640 704 3706 delati
733 3651 847 3706 essent
873 3642 908 3707 in
937 3665 1045 3717 mare,
1071 3645 1184 3729 ipsum

134 3741 340 3826 polluerent,
359 3761 426 3825 quo
449 3751 575 3814 cetera,
593 3761 682 3825 quae
706 3739 832 3805 violata
858 3753 947 3818 sunt,
967 3743 1098 3828 expiari
1123 3766 1185 3827 pu-

134 3850 259 3904 tantur.
311 3837 468 3924 Denique
499 3839 584 3902 nihil
612 3850 681 3902 tam
710 3840 778 3904 vile
806 3861 916 3926 neque
945 3853 1015 3905 tam
1042 3843 1184 3928 volgare

135 3950 185 4004 est
200 3938 301 4027 cujus
321 3952 451 4003 nartem
475 3938 582 4002 ullam
607 3938 817 4025 reliquerint.
867 3939 1002 4005 Etenim
1028 3941 1110 4026 quid
1134 3948 1186 4004 est
