2572 4442
61 307 91 347 nn
105 292 148 364 zo]
232 291 268 358 Τ
261 293 304 363 he
333 290 477 359 Consuls
506 291 676 360 Gabinius
699 294 773 360 and
794 294 888 361 Piso.
1018 270 1083 382 1‘49

90 510 114 556 a
132 495 227 560 Alter
242 495 428 583 unguentis
453 494 622 571 adfluens,
641 496 871 562 calamistrata
897 517 1010 571 coma,
1024 496 1083 561 de·

23 650 24 653 ,
57 597 181 681 spiciens
199 597 355 661 conscios
379 608 572 680 stuprorum
590 618 632 662 ac
646 609 778 662 veteres
794 611 975 663 vexatores
991 611 1084 662 aeta·

23 680 25 695 '
56 699 128 761 tulae
138 718 234 771 suae,
249 696 377 781 puteali
391 708 424 760 et
436 696 686 762 faeneratorum
705 698 871 785 gregibus
888 698 1085 772 inflatus,-

56 798 205 883 aquibus
234 798 432 881 compulsus
459 796 554 871 olim,
584 819 627 861 ne
655 797 690 861 in
718 797 882 884 Scyllaeo
909 799 968 863 illo
996 797 1085 864 aeris

55 897 137 961 alieni
150 909 326 982 tamquam
343 895 413 983 [in]
430 895 516 960 sretu
531 897 575 962 ad
593 897 790 962 columnam
807 898 1083 975 adhaeresceret,

54 997 79 1060 in
90 998 271 1062 tribunatus
288 1008 422 1081 portum
436 996 694 1083 perfugerat,—
704 999 944 1064 contemnebat
955 999 1086 1086 equites

53 1098 227 1172 Romanos,
254 1097 475 1161 minitabatur
502 1097 647 1172 senatui,
671 1097 868 1163 venditabat
895 1120 932 1164 se
957 1099 1084 1184 operis,

53 1209 136 1283 atque
153 1199 196 1261 ab
212 1196 263 1261 eis
281 1217 316 1260 se
333 1208 501 1281 ereptum,
520 1218 563 1260 ne
580 1197 623 1261 de
640 1196 769 1261 ambitu
785 1218 926 1264 causam
944 1199 1085 1275 diceret,

52 1297 269 1381 praedicabat,
290 1297 333 1361 ab
352 1296 530 1382 isdemque
555 1297 711 1367 senetiam
736 1298 840 1363 invito
865 1310 986 1363 senatu
1010 1320 1088 1384 pro-

51 1397 184 1461 vinciam
211 1418 350 1482 sperare
376 1397 531 1461 dicebat:
557 1418 702 1483 eamque
728 1397 792 1462 nisi
816 1399 959 1483 adeptus
984 1409 1086 1475 esset,

51 1518 79 1560 se
93 1498 298 1562 incolumem
315 1498 409 1562 nullo
427 1498 529 1561 modo
545 1496 617 1562 sore
635 1498 873 1562 arbitrabatur.

84 1615 109 1661 4.
132 1597 243 1672 Alter,
263 1596 295 1661 O
318 1596 351 1662 di
375 1596 476 1662 boni!
501 1619 604 1682 quam
629 1608 735 1662 taeter
758 1596 958 1661 incedebatl
983 1619 1087 1684 quam

51 1695 268 1762 truculentusl
290 1719 394 1782 qnam
411 1697 568 1762 terribilis
586 1708 724 1782 aspectu
739 1695 802 1760 l-
815 1718 921 1761 unum
939 1697 1088 1783 aliquem

51 1810 73 1862 te
94 1821 137 1862 ex
160 1797 312 1862 barbatis
336 1798 416 1871 illis,
435 1798 632 1881 exemplum
657 1796 779 1881 imperi
802 1797 940 1870 veteris,
965 1798 1089 1884 imagi-

50 1920 116 1962 nem
134 1897 355 1983 antiquitatiS,
375 1897 532 1961 columen
550 1897 598 1960 rei
621 1896 778 1981 publicae
796 1897 927 1962 diceres
944 1898 1088 1962 intueri:

50 1999 177 2064 vestitus
202 2017 323 2082 aspere
348 2008 462 2061 nostra
488 1998 554 2061 hac
578 2018 730 2081 purpura
754 1997 889 2082 plebeia
913 2018 953 2062 ac
978 2019 1088 2082 paene

50 2097 155 2173 susca3
182 2098 307 2182 capillo
331 2097 376 2160 ita
402 2096 551 2171 horrido,
570 2108 607 2160 ut
623 2096 758 2181 Capua,
778 2097 812 2161 in
835 2119 904 2183 qua
926 2098 1001 2184 ipsa
1017 2109 1088 2163 tum

49 2197 200 2286 imaginis
225 2198 400 2261 ornandae
432 2217 537 2261 causa
566 2197 818 2262 duumviratum
846 2199 1000 2284 gerebat,
1026 2198 1090 2264 Se·

49 2299 184 2381 plasiam
202 2298 397 2362 sublaturus
410 2296 592 2361 videretur.
624 2297 717 2361 Nam
734 2298 815 2384 quid
833 2319 899 2384 ego
916 2299 958 2364 de
972 2320 1090 2383 super-

50 2398 116 2463 cilio
133 2399 261 2473 dicam,
280 2398 371 2483 quod
389 2408 457 2460 tum
477 2398 671 2461 hominibus
688 2419 757 2461 non
774 2398 1008 2482 supercilium,
1028 2398 1089 2462 sed

49 2499 165 2586 pignus
182 2499 231 2563 rei
247 2497 405 2583 publicae
418 2496 617 2562 videbatur?
650 2497 781 2583 [Tanta
799 2510 871 2562 erat
886 2499 1037 2586 gravitas
1055 2499 1089 2562 in

49 2601 150 2672 oculo,
170 2611 263 2662 tanta
288 2597 629 2670 contractio’srontis,
648 2608 685 2660 ut
701 2597 758 2661 illo
778 2598 961 2681 supercilio
979 2619 1089 2662 annus

49 2698 97 2763 ille
112 2700 173 2764 niti
190 2711 365 2783 tamquam
381 2698 471 2760 vade
483 2695 689 2782 videretur].
726 2710 752 2756 a.
770 2695 853 2759 Erat
865 2696 922 2759 hic
937 2697 1089 2761 omnium

50 2820 172 2864 sermo:
200 2797 286 2862 ‘Est
306 2810 421 2861 tamen
440 2796 487 2859 rei
512 2795 670 2880 publicae
694 2816 861 2881 magnum
885 2796 1089 2882 firmumque

22 2922 25 2939 2
51 2900 229 2965 subsidium
243 2921 250 2972 ;
270 2897 380 2961 babeo
394 2918 495 2982 quem
510 2916 682 2979 opponam
699 2895 768 2959 labi
783 2895 831 2958 illi
845 2907 946 2980 atque
960 2916 1067 2958 caeno
1080 2917 1088 2969 3

23 3060 24 3073 ,
53 3000 144 3075 voltu,
162 3021 215 3065 me
233 2998 309 3062 dius
326 2998 440 3071 fidius,
456 2997 624 3082 conlegae
641 2995 693 3059 sui
710 2996 886 3060 libidinem
903 2980 1090 3059 levitatem-

49 3119 104 3182 que
129 3101 286 3186 sranget3
320 3096 459 3161 habebit
483 3109 621 3160 senatus
645 3095 680 3159 in
709 3097 802 3160 hunc
830 3117 958 3160 annum
987 3117 1089 3182 quem

49 3213 221 3286 sequatur3
249 3220 316 3263 non
334 3196 442 3263 deerit
458 3208 575 3261 auctor
592 3209 624 3261 et
640 3197 711 3260 dux
727 3196 850 3261 bonis.'
889 3195 978 3260 Mihi
995 3195 1091 3262 derii·

48 3318 105 3381 que
123 3300 280 3364 homines
305 3296 490 3382 praecipue
515 3296 787 3382 gratulabantur,
806 3297 897 3382 quod
914 3297 1090 3363 habiturus

49 3416 164 3475 essem,
189 3410 307 3463 contra
331 3397 504 3460 tribunum
528 3396 637 3481 plebis
662 3396 826 3461 furiosum
852 3409 884 3461 et
907 3399 1088 3474 audacem,

47 3516 117 3561 cum
137 3499 287 3563 amicum
304 3508 337 3561 et
353 3496 516 3571 adfinem,
534 3506 605 3561 tum
630 3496 732 3561 etiarn
756 3496 877 3561 sortem
899 3508 932 3562 et
947 3519 1091 3586 gravem
1139 3551 1143 3559 .

47 3599 231 3663 consulem.

84 3711 113 3757 s.
138 3698 251 3784 Atque
269 3717 387 3761 eorum
404 3697 488 3760 alter
504 3695 622 3761 fefellit
638 3695 824 3760 neminem.
886 3695 975 3781 Quis
999 3698 1091 3762 enim

47 3796 178 3862 clavum
192 3797 275 3863 tanti
292 3796 413 3880 imperi
426 3808 554 3870 tenere,
570 3807 602 3859 et
619 3796 853 3881 gubernacula
867 3798 915 3861 rei
933 3797 1091 3882 publicae

45 3904 185 3964 tractare
211 3899 246 3962 in
273 3897 424 3961 maximo
448 3918 551 3961 cursu
576 3917 617 3961 ac
636 3895 806 3970 fluctibuS,
826 3919 926 3981 posse
951 3898 1092 3961 arbitra-

46 3984 133 4063 retur
157 3999 331 4065 hominem
357 4018 526 4062 emersum
556 3996 667 4062 subito
692 4019 735 4063 ex
760 3997 927 4063 diuturnis
943 3996 1092 4062 tenebris
