2760 4448
124 249 186 288 nvn.
203 233 270 305 izo]
411 231 536 305 Verres
558 234 616 301 the
637 235 849 302 Plauderer.
1103 247 1147 323 47

122 437 252 525 judices,
270 454 416 523 eaquae
432 435 499 501 illis
515 436 660 522 pulchra
677 456 753 501 esse
768 434 950 501 videantur
966 433 1149 521 imperato-

118 559 177 601 rem
202 547 352 601 nostrum
374 536 410 600 in
434 537 525 601 bello
549 535 741 622 reliquisse,
767 556 869 621 quam
897 547 1086 620 praetorem
1112 535 1147 599 in

115 657 187 721 pace
216 636 410 701 abstulisse.
473 634 529 699 Ex
560 635 663 700 ebore
701 634 962 721 diligentissime
996 634 1147 720 perfecta

114 747 302 823 argumenta
332 744 430 800 erant
459 734 495 799 in
526 734 656 799 valvis:
696 754 739 799 ea
775 734 987 799 detrahenda
1018 735 1148 799 curavit

112 835 223 900 omnia.
271 852 310 898 11.
333 834 507 922 Gorgonis
534 856 573 898 os
600 833 882 919 pulcherrimum,
910 833 1059 898 cinctum
1088 853 1148 897 an·

112 936 234 1022 guibus,
255 935 392 1000 revellit
414 945 516 1021 atque
540 933 697 998 abstulit:
729 944 763 998 et
785 944 901 997 tamen
924 933 1088 998 indicavit
1111 954 1148 998 se

112 1056 166 1098 non
182 1035 293 1098 solum
311 1034 466 1109 artificio,
484 1033 664 1099 sedetiam
686 1032 794 1118 pretio
815 1043 1029 1120 quaestuque
1053 1033 1145 1097 duci.

111 1132 189 1197 Nam
215 1134 332 1200 bullas
360 1154 483 1199 aureas
510 1154 630 1198 omnes
658 1154 702 1197 ex
726 1132 767 1197 iis
795 1133 916 1208 valvis,
938 1154 1027 1219 quae
1051 1144 1149 1198 erant
1253 1126 1256 1133 ⁴

111 1234 221 1299 multae
237 1243 272 1299 et
288 1254 428 1322 graves,
447 1250 516 1298 non
540 1232 705 1298 dubitavit
728 1230 883 1296 auferre:
915 1253 1061 1318 quarum
1084 1232 1148 1297 iste

109 1352 166 1396 uon
194 1354 301 1417 opere
334 1332 580 1407 delectabatur,
614 1332 675 1397 sed
706 1331 870 1417 pondere.
920 1331 1040 1419 Itaque
1073 1332 1148 1421 ejus

109 1432 186 1496 modi
209 1433 334 1498 valvas
358 1431 505 1518 reliquit,
523 1444 560 1496 ut
582 1451 671 1517 quae
695 1430 778 1497 olim
795 1431 838 1495 ad
855 1433 1047 1497 ornandum
1064 1444 1149 1497 tem·

108 1531 189 1615 plum
205 1545 308 1596 erant
325 1531 488 1606 maxime,
503 1552 595 1596 nunc
607 1543 738 1597 tanturn
756 1532 801 1597 ad
817 1532 1025 1597 cludendum
1038 1531 1149 1597 sactae

108 1651 172 1695 esse
201 1632 400 1697 videantur.
464 1629 623 1695 Etiamne
655 1631 852 1718 gramineas
888 1631 1149 1697 hastas—vidi

108 1730 187 1794 enim
209 1753 273 1797 vos
300 1731 336 1795 in
363 1732 429 1797 hoc
454 1731 605 1806 nomine,
623 1751 703 1796 cum
727 1731 821 1796 testis
840 1730 980 1807 diceret,
999 1753 1150 1797 commo-

107 1830 179 1904 veri,
197 1833 292 1916 quod
311 1842 385 1896 erat
400 1830 474 1919 ejus
490 1831 595 1904 modi,
615 1841 651 1894 ut
667 1831 774 1895 semel
793 1831 917 1896 vidisse
934 1832 1016 1898 satis
1040 1843 1149 1906 esset3

108 1926 266 2015 inquibus
279 1952 395 2018 neque
410 1951 513 1995 manu
527 1929 654 1995 sactum
671 1929 855 2017 quicquam
873 1952 985 2018 neque
1001 1931 1151 2018 pulchri-

108 2030 177 2094 tudo
194 2043 268 2097 erat
290 2032 376 2106 ulla,
398 2031 460 2096 sed
483 2041 614 2096 tantum
641 2030 847 2118 magnitudo
866 2029 1088 2107 incredibilis,
1107 2033 1151 2098 de
1243 2032 1248 2041 ’

108 2147 165 2213 qua
181 2132 236 2195 vel
257 2131 381 2197 audire
406 2130 488 2196 satis
512 2142 613 2205 esset,
637 2129 781 2196 nimium
805 2130 922 2199 videre
945 2133 1023 2219 plus
1047 2154 1152 2219 quam

109 2225 374 2296 semel—etiam
399 2230 433 2296 id
457 2229 669 2317 concupisti?

145 2347 228 2394 uvu.
254 2347 302 2396 ια.
325 2329 419 2394 Nar'n
451 2328 607 2416 Sappho,
633 2352 722 2417 quae
753 2331 887 2398 sublata
919 2332 962 2398 de
994 2331 1152 2419 prytanio

109 2437 161 2503 est,
177 2429 233 2495 dat
250 2429 313 2496 tibi
326 2430 455 2518 justam
477 2431 747 2506 excusationem,
768 2453 875 2518 prope
899 2444 935 2498 ut
958 2433 1152 2499 conceden-

110 2526 178 2593 dum
209 2544 316 2618 atque
348 2530 598 2616 ignoscendum
631 2552 706 2596 esse
738 2531 905 2613 videatur.
964 2532 1152 2598 Silanionis

110 2645 182 2712 opus
212 2622 520 2715 tampersectum,
548 2642 619 2696 tam
650 2632 805 2718 elegans,
839 2641 909 2696 tam
939 2633 1152 2698 elaboratum

111 2727 283 2816 quisquam
296 2751 365 2794 non
379 2730 480 2795 modo
497 2730 661 2815 privatus,
676 2731 737 2795 sed
755 2732 902 2816 populus
919 2732 1029 2816 potius
1046 2732 1153 2797 habe·

111 2838 151 2891 ret
178 2851 286 2916 quam
319 2830 422 2894 bomo
453 2827 731 2916 elegantissimus
764 2841 864 2915 atque
889 2830 1150 2906 eruditissimus,

110 2921 248 2996 Verres?
298 2928 470 2993 Nimirum
487 2942 605 2994 contra
622 2925 691 2994 dici
708 2928 793 2992 nihil
816 2939 936 3014 potest.
986 2927 1152 2994 Nostrum

112 3026 189 3092 euim
209 3051 302 3094 unus
321 3028 587 3115 quisque-qui
608 3039 678 3093 tam
698 3027 787 3093 beati
808 3048 912 3114 quam
933 3027 995 3093 iste
1014 3039 1152 3093 estnon
1171 3112 1175 3115 ι

114 3142 229 3204 sumus,
245 3140 317 3193 tam
330 3128 466 3193 delicati
479 3149 556 3193 esse
569 3149 638 3193 non
651 3149 833 3213 possumus
844 3127 926 3193 -si
940 3128 1078 3214 quando
1091 3129 1152 3193 ali-

114 3224 182 3307 quid
198 3229 296 3295 istius
314 3228 404 3293 modi
423 3227 539 3292 videre
555 3228 658 3302 volet,
678 3239 733 3292 eat
749 3228 793 3292 ad
810 3228 932 3293 aedem
949 3227 1149 3306 Felicitatis,
1217 3290 1219 3295 ⁴

115 3323 151 3387 ad
178 3339 436 3394 monumentum
469 3325 598 3402 Catuli,
631 3326 667 3391 in
699 3327 865 3412 porticum
898 3326 1053 3403 Metelli3
1083 3330 1153 3395 -det

115 3440 241 3506 operam
260 3438 296 3491 ut
312 3426 507 3492 admittatur
523 3426 558 3491 in
575 3426 720 3513 alicujus
735 3426 876 3492 istorum
891 3426 1151 3504 Tusculanum3
1216 3444 1219 3449 '
1260 3409 1268 3419 ⁵
1295 3432 1300 3437 ’

118 3537 230 3604 spectet
250 3526 361 3591 forum
384 3538 554 3601 ornatum,
573 3527 601 3591 si
625 3525 708 3611 quid
732 3526 794 3591 iste
819 3548 958 3592 suorum
984 3529 1152 3607 aedilibus
1190 3587 1193 3592 .
1303 3514 1305 3519 ⁴

119 3626 348 3692 commodarit:
379 3625 506 3690 Verres
524 3627 611 3691 haec
631 3626 757 3690 habeat
776 3626 884 3701 domi,
902 3626 1029 3693 Verres
1052 3649 1152 3693 orna·

119 3736 293 3791 uentorum
307 3724 463 3790 sanorum
478 3737 578 3811 atque
588 3724 794 3810 oppidorum
807 3726 933 3791 habeat
944 3728 1079 3812 plenam
1092 3728 1153 3791 ‹lo-

120 3835 211 3901 mum,
221 3826 321 3890 villas
335 3823 499 3889 refertas?
533 3824 691 3888 Etiamne
705 3825 806 3912 hujus
819 3827 951 3911 operari
983 3827 1093 3891 studia
1111 3846 1152 3890 ac

122 3915 255 4003 delicias,
271 3925 420 4016 judices,
437 3922 637 4012 perferetis?
667 3924 726 4011 qui
750 3925 796 3990 ita
820 3938 934 4002 natus,
958 3926 1003 3989 ita
1028 3924 1153 4021 educa·
