2722 4438
134 334 137 339 .
206 285 269 327 XIV·
284 273 342 344 38.]
404 274 607 341 Resolutzbn
632 277 680 363 of
700 274 839 343 Thanks
862 276 936 341 and
955 276 1095 343 Honor.
1190 298 1256 367 249

223 551 228 561 ,
250 496 326 542 x1v.
351 493 398 542 sa.
422 475 507 555 Sed,
525 486 562 542 ut
582 476 767 564 aliquando
787 476 953 543 sententia
969 477 1191 564 complectar,
1209 478 1256 545 ita
1288 472 1292 479 ’

206 598 331 643 censeo
344 601 353 641 ε

252 725 335 786 Cum
357 725 394 787 C.
410 728 512 786 Pansa
528 727 648 798 consul,
671 728 851 806 imperator,
873 729 997 787 initium
1020 748 1092 787 cum
1114 729 1256 789 hostibus

206 818 395 895 confligendi
408 818 524 887 fecerit,
537 837 599 894 quo
610 819 731 895 proelio
744 818 826 895 legio
837 818 954 876 Martia
966 818 1145 877 admirabili
1159 821 1257 878 incre·

207 906 359 985 dibilique
374 908 486 965 virtute
502 905 678 965 libertatem
692 908 802 985 populi
818 907 956 966 Romani
973 908 1154 981 defenderit,
1172 909 1257 986 quod

206 999 290 1057 idem
313 997 453 1074 legiones
475 997 612 1055 tironum
634 997 781 1067 fece'rint3
805 998 934 1075 ipseque
956 996 995 1057 C.
1011 999 1114 1056 Pansa
1136 999 1256 1071 consul,

207 1089 386 1165 imperator,
402 1105 474 1146 cum
490 1087 569 1145 inter
584 1087 687 1145 media
702 1086 839 1145 hostium
857 1087 918 1145 tela
931 1097 1116 1159 versaretur,
1131 1075 1264 1147 volnera

206 1179 380 1256 acceperit3
404 1196 539 1254 cumque
560 1174 604 1236 A.
627 1176 751 1237 Hirtius
772 1178 891 1247 consul,
914 1177 1094 1255 imperator,
1119 1175 1256 1255 [proelio

206 1267 341 1346 audit0,]
368 1287 401 1327 re
432 1268 568 1344 cognita,
594 1267 763 1325 fortissimo
790 1268 1122 1346 praestantissimoque
1150 1270 1256 1326 animo

206 1361 378 1417 exercitum
407 1358 515 1417 castris
538 1358 689 1428 eduxerit,
711 1349 927 1435 impetumque
956 1358 989 1414 in
1009 1357 1057 1416 M.
1079 1356 1256 1416 Antonium

205 1450 438 1530 exercitumque
454 1449 591 1506 hostium
606 1447 723 1515 fecerit,
734 1447 861 1525 ejusque
876 1447 984 1525 copias
999 1448 1161 1507 occidione
1175 1450 1256 1507 occi·
1285 1452 1287 1456 ‘

206 1540 296 1612 derit,
313 1559 369 1599 suo
384 1540 521 1599 exercitu
537 1540 579 1596 ita
595 1538 745 1596 incolumi
760 1545 795 1596 ut
813 1557 853 1596 ne
867 1557 965 1596 unum
980 1538 1108 1613 quidem
1125 1540 1256 1597 militem

207 1630 406 1701 desiderarit3
428 1647 473 1695 37.
495 1649 629 1707 cumque
644 1625 682 1687 C.
698 1625 815 1687 Caesar
832 1636 1057 1706 propraetore,
1074 1630 1255 1706 imperator,

206 1722 338 1781 consilio
353 1722 577 1800 diligentiaque
592 1739 647 1777 sua
667 1727 767 1778 castra
785 1719 916 1778 feliciter
938 1718 1120 1790 defenderit,
1137 1721 1257 1797 copias-

206 1832 268 1891 que
282 1813 419 1872 hostium
430 1832 511 1890 quae
522 1812 562 1869 ad
574 1819 674 1870 castra
687 1817 881 1868 accesserant
892 1808 1077 1887 profligarit,
1087 1810 1236 1868 occiderit
1247 1829 1255 1881 ;

205 1903 295 1962 -ob
316 1923 369 1962 eas
387 1923 436 1962 res
455 1911 597 1962 senatum
618 1901 798 1960 existimare
820 1909 851 1958 et
867 1900 1009 1977 judicare
1031 1918 1139 1958 eorum
1161 1901 1255 1959 trium

206 1995 433 2072 imperatorum
447 1994 571 2064 virtute,
587 1992 732 2070 imperio,
742 1991 884 2061 consili0‚
899 1990 1060 2066 gravitate,
1071 1992 1255 2065 constantia,

154 2150 156 2155 Α
206 2085 420 2162 magnitudine
430 2084 538 2154 animi,
549 2083 707 2152 felicitate,
716 2081 870 2159 populum
882 2079 1064 2137 Romanurn
1075 2080 1255 2140 foedissima

205 2176 481 2253 crudelissimaque
494 2173 639 2233 servitute
650 2172 827 2230 liberatum.
851 2167 996 2247 Cumque
1006 2189 1071 2228 rem
1081 2169 1254 2248 publicam,

205 2265 325 2336 urbem,
341 2267 458 2344 templa
473 2266 603 2325 deorum
625 2262 863 2333 immortalium,
878 2260 961 2318 bona
976 2260 1174 2337 fortunasque
1189 2280 1254 2318 om·

204 2357 293 2414 nium
315 2355 490 2434 liberosque
509 2354 722 2414 conservarint
743 2351 945 2411 dimicatione
966 2358 997 2408 et
1017 2350 1157 2426 periculo
1170 2351 1254 2409 vitae

204 2466 289 2520 suae,
312 2449 356 2506 uti
387 2447 427 2505 ob
455 2465 508 2505 eas
535 2464 596 2517 res,
621 2443 700 2503 bene
729 2442 848 2500 fortiter
874 2440 1066 2517 feliciterque
1086 2448 1199 2516 gestas,
1225 2439 1253 2500 C

203 2537 306 2598 Pansa
327 2538 370 2598 A.
393 2538 518 2597 Hirtius
539 2536 693 2606 consules,
710 2534 925 2609 imperatores,
943 2529 1021 2586 alter
1042 2527 1184 2600 ambove,
1200 2540 1254 2590 aut

205 2628 248 2706 (si
270 2630 413 2707 aberunt)
430 2629 479 2687 M.
501 2625 671 2695 Cornutus,
691 2630 816 2702 praetor
837 2618 985 2688 urbanus,
1008 2617 1253 2696 supplicationes

202 2739 260 2797 per
286 2721 353 2780 dies
381 2712 609 2799 quinquaginta
645 2716 686 2774 ad
720 2711 827 2771 omnia
862 2708 1039 2786 pulvinaria
1074 2709 1251 2771 constituat.

201 2828 248 2876 38.
263 2809 407 2890 Cumque
418 2813 516 2871 virtus
531 2811 692 2888 legionum
709 2802 804 2880 digna
817 2799 997 2861 clarissimis
1012 2799 1252 2875 imperatoribus

202 2904 362 2975 exstiterit,
379 2912 532 2974 senatum,
542 2921 634 2979 quae,
647 2900 688 2957 sit
702 2903 793 2954 antea
804 2891 963 2969 pollicitus
978 2886 1153 2965 legionibus
1165 2908 1252 2948 exer·

203 2993 377 3072 citibusque
400 2995 522 3065 nostris,
538 3013 575 3051 ea
597 3008 721 3050 summo
743 2984 846 3045 studio
868 3001 900 3040 re
921 2978 1049 3058 publica
1070 2988 1251 3056 recuperata

201 3074 385 3144 solutdrum.
436 3083 581 3162 Cumque
603 3083 687 3159 legio
707 3077 825 3138 Martia
846 3073 994 3152 princeps
1015 3088 1087 3127 cum
1109 3068 1251 3130 hostibus

201 3175 387 3248 conflixerit,
404 3185 496 3253 atque
519 3176 561 3233 ita
582 3193 654 3233 cum
678 3171 795 3250 majore
817 3181 947 3225 numero
968 3160 1103 3218 hostium
1126 3171 1250 3218 conten-

199 3264 290 3336 derit,
306 3274 345 3326 ut
359 3286 430 3326 curn
447 3267 599 3344 plurimos
617 3264 790 3332 caederent,
807 3257 954 3317 caderent
974 3271 1036 3310 non
1059 3251 1148 3320 nulli,
1164 3270 1249 3309 cum-

199 3373 260 3431 que
273 3358 339 3415 sine
350 3357 412 3414 ulla
424 3357 640 3415 retractatione
650 3373 708 3432 pro
719 3352 820 3431 patria
829 3348 926 3406 vitam
939 3341 1133 3421 profuderint
1144 3359 1151 3410 3
1164 3360 1247 3399 curn·

198 3463 260 3519 que
282 3447 377 3504 simili
398 3448 512 3505 virtute
534 3446 725 3523 reliquarum
752 3442 912 3518 legionum
934 3434 1050 3492 milites
1070 3449 1128 3509 pro
1150 3431 1247 3490 salute

198 3543 230 3593 et
257 3536 398 3597 libertate
427 3539 536 3618 populi
559 3538 696 3597 Romani
726 3543 859 3594 mortem
885 3526 1106 3607 oppetiverint,
1128 3526 1244 3582 senatui

197 3626 322 3702 placere
344 3639 378 3688 ut
393 3627 431 3688 C.
447 3630 549 3687 Pansa
563 3627 607 3687 A.
623 3627 748 3685 Hirtius
769 3622 923 3692 consules,
940 3620 1155 3695 imperatores,
1171 3615 1247 3672 alter

198 3716 343 3790 ambove,
354 3720 378 3778 si
394 3720 440 3777 eis
454 3720 606 3790 videatur,
616 3718 660 3775 eis
671 3716 724 3793 qui
741 3713 926 3789 sanguinem
938 3728 997 3788 pro
1005 3708 1081 3777 vita,
1094 3703 1245 3777 libertate,

196 3806 328 3868 fortunis
347 3809 457 3888 populi
473 3808 622 3878 Romani,
636 3825 694 3883 pro
715 3803 803 3874 urbe,
818 3801 945 3879 templis
966 3801 1096 3858 deorum
1119 3795 1247 3852 immor-

197 3898 308 3958 talium
329 3900 551 3977 profudissent,
574 3896 803 3955 monimentum
824 3911 920 3970 quam
942 3887 1174 3967 amplissimum
1202 3885 1247 3943 lo·

197 3990 333 4048 candum
354 3990 599 4066 faciundumque
627 3994 753 4057 curent3
783 3990 1025 4062 quaestoresque
1046 3975 1182 4036 urbanos
1205 3974 1245 4034 ad
