2722 4438
183 279 247 349 224
513 260 601 326 Pleu
613 261 685 348 sor
707 261 893 348 Ligarius.
1108 260 1219 363 [Llsslb

182 460 303 549 mentis
328 461 563 562 dedisset-„ffi-
582 460 686 537 Vide,
709 482 849 548 quaeso,
871 460 1024 537 Tubero,
1045 472 1082 526 ut
1105 462 1162 548 qui
1186 463 1222 526 de
1320 520 1323 529 .

182 581 259 625 meo
283 561 371 626 sacto
395 583 463 626 non
487 561 652 656 dimit-em,
674 562 717 626 de
742 560 865 726 ngpm
884 582 954 633 non
980 562 1128 660 an
1145 583 1223 640 ,con-

180 660 280 724 fiteri.
328 658 443 747 Atque
475 663 562 727 haec
594 673 773 747 propterea
830 683 849 725 e
881 676 937 727 me
969 661 1053 735 dixi,
1080 671 1119 725 ut
1149 660 1225 724 mihi

181 759 334 835 Tubero,
353 781 431 825 cum
449 761 492 827 de
509 784 554 837 se,
563 762 685 826 eadem
703 760 867 860 ἅψαι,
885 758 1101 848 ignosceret:
1136 760 1227 847 cujus

181 880 249 947 ego
275 860 461 925 industriae
490 862 689 949 gloriaeque
717 861 830 935 faveo,
851 861 913 957 vel
934 870 1072 946 propter
1094 861 1229 947 propin-

182 981 285 1046 quam
312 959 567 1048 cognationem,
588 962 643 1026 vel
668 960 759 1047 quod
785 960 857 1048 ejus
882 958 1021 1048 ingenio
1046 959 1230 1049 studiisque

182 1060 345 1135 delector,
363 1061 418 1124 vel
442 1062 532 1147 quod
555 1062 693 1126 laudem
720 1060 948 1125 adulescentis
973 1059 1156 1146 propinqui
1170 1052 1231 1122 ‘ex-

182 1157 294 1223 istimo
322 1159 424 1223 etiarn
454 1161 499 1227 ad
530 1183 644 1225 meum
674 1160 822 1247 aliquem
851 1161 996 1224 fructum
1024 1156 1229 1223 redundare.

181 1276 210 1322 a.
230 1257 300 1323 Sed
325 1260 391 1324 hoc
407 1278 556 1347 quaero:
590 1259 679 1342 Quis
704 1270 799 1345 putat
815 1281 891 1324 esse
916 1259 1045 1323 crimen
1070 1259 1177 1323 fuisse
1201 1258 1233 1321 in

182 1358 324 1424 Africa?
370 1359 507 1445 Nempe
524 1361 566 1435 is,
585 1361 642 1447 qui
659 1371 691 1424 et
712 1360 785 1444 ipse
809 1359 843 1422 in
869 1360 989 1424 eadem
1015 1357 1138 1423 Africa
1162 1379 1234 1424 esse

182 1460 301 1535 voluit,
320 1470 353 1524 et
380 1460 588 1545 prohibitum
616 1481 653 1523 se
681 1480 701 1524 a
730 1458 872 1546 Ligario
901 1459 1065 1545 queritur,
1084 1469 1120 1523 et
1148 1470 1234 1523 certe

184 1572 300 1627 contra
316 1560 428 1647 ipsum
446 1559 632 1625 Caesarem
650 1570 700 1623 est
717 1580 923 1646 congressus
940 1571 1105 1623 armatus.
1144 1557 1235 1643 Quid

184 1663 274 1727 enim
300 1673 378 1725 tuus
402 1661 458 1724 ille
496 1660 649 1734 Tubero,
674 1659 851 1724 destrictus
876 1660 910 1723 in
936 1660 1010 1723 acie
1034 1659 1235 1753 PhQffllbffl

185 1761 321 1850 gladius
339 1707 485 1848 3ξέῧῇἷῖ
529 1759 637 1847 Cujus
654 1760 741 1822 latus
758 1760 814 1823 ille
832 1780 950 1823 mucro
968 1747 1236 1844 petebaR‘Qi

185 1884 306 1927 sensus
326 1872 398 1926 erat
423 1881 593 1941 armorum
618 1857 775 1944 tuorum?
807 1880 895 1944 quae
919 1868 976 1922 tua
1002 1881 1115 1933 menS,
1135 1859 1234 1931 oculi,

185 1982 321 2035 manus,
352 1961 452 2024 ardor
479 1957 607 2035 animi?
640 1957 723 2044 quid
746 1957 932 2041 cupiebas?
965 1960 1047 2045 quid
1071 1957 1237 2044 optabas?

185 2061 299 2125 Nimis
323 2081 452 2146 urgeo:
478 2058 685 2124 commoveri
701 2058 835 2122 videtur
859 2059 1084 2123 adulescens:
1116 2061 1161 2125 ad
1186 2079 1237 2123 me

185 2172 355 2225 revertar:
381 2159 490 2222 isdem
508 2159 543 2222 in
560 2158 662 2221 armis
679 2157 740 2221 fui.

230 2280 281 2323 1v.
307 2276 363 2322 10.Δ
380 2256 612 2359 Qidautem
636 2256 730 2321 'aliud
752 2257 903 2344 egimus,
932 2259 1085 2335 Tubero,
1114 2259 1182 2325 nisi
1206 2268 1239 2323 ut

186 2360 277 2444 quod
293 2360 349 2423 hic
366 2368 475 2442 potest
491 2380 552 2421 nos
575 2356 776 2446 pos-segnus?
824 2356 982 2441 Quorum
999 2359 1104 2446 igitur
1127 2360 1240 2444 impu-

186 2459 285 2533 nitas,
305 2457 448 2541 Caesar,
463 2469 542 2522 tuae
560 2456 762 2547 clementiae
779 2458 854 2522 laus
872 2470 934 2533 est,
948 2477 1068 2523 'eorum
1085 2459 1239 2544 ipsorum

187 2559 230 2622 ad
247 2558 481 2623 crudelitatem
499 2568 531 2622 te
556 2557 646 2620 acuit
669 2556 789 2621 oratio.
838 2555 953 2644 Atque
978 2558 1013 2622 in
1039 2560 1105 2622 hac
1131 2579 1239 2623 causa

186 2657 372 2749 nrm-nihil
404 2657 575 2743 equidem,
596 2656 750 2729 Tuber0‚
775 2657 897 2769 etissffi,
908 2669 1015 2732 tuam,
1038 2659 1099 2723 sed
1132 2660 1239 2723 multo

186 2758 298 2845 magis
316 2757 419 2842 patris
435 2757 483 2821 tui
499 2756 714 2841 prudentiam
733 2756 902 2832 desidem,
918 2758 1008 2905 quod
1027 2759 1142 2835 homo,
1160 2781 1238 2824 cum

147 2880 154 2899 ¹
186 2858 326 2947 ingenio
349 2869 420 2921 tum
446 2858 547 2922 etiam
564 2856 717 2920 doctrina
734 2858 919 2933 excellens,
939 2879 1050 2945 genus
1068 2861 1133 2923 hoc
1159 2881 1240 2923 cau-

117 2996 127 3015 ·
186 2981 245 3022 sae
265 2958 356 3046 qugd
377 2967 466 3047 esset
491 2979 559 3021 non
587 2956 748 3059 viderit.)
769 2956 862 3020 Nam
891 2957 919 3021 si
946 2958 1098 3034 vidisset,
1117 2959 1238 3045 quovis

186 3058 337 3144 profecto
361 3078 463 3145 quarn
489 3057 552 3120 isto
578 3056 678 3119 modo
703 3076 722 3118 a
747 3067 779 3120 te
804 3057 860 3143 agi
887 3027 1073 3167 in-s'i‘et

49 3206 79 3237 c
81 3188 204 3217 ·····
221 3157 361 3251 ‘Affinis
379 3157 552 3227 latentem.
601 3154 682 3218 Non
706 3167 757 3219 est
773 3157 875 3222 satis:
908 3179 1051 3224 accusas
1076 3180 1155 3224 eum
1180 3158 1237 3247 qui

186 3279 327 3322 causam
354 3257 457 3322 habet
483 3267 540 3319 aut
569 3257 623 3342 (ut
649 3276 715 3341 ego
736 3256 830 3344 dico)
854 3258 1029 3323 meliorem
1056 3281 1161 3345 quam
1187 3273 1234 3335 tu,

187 3369 244 3422 aut
264 3359 317 3444 (ut
333 3368 368 3422 tu
386 3356 454 3444 vis)
476 3378 606 3449 parem.
644 3373 680 3419 11.
709 3356 808 3422 Haec
825 3357 1060 3423 admirabilia:
1086 3361 1233 3446 sedprq

186 3457 258 3542 digi
276 3457 385 3546 Qle
403 3469 452 3521 est
468 3458 559 3544 quod
576 3458 700 3543 digam.
748 3456 829 3522 Non
854 3459 957 3523 habet
980 3480 1058 3523 eam
1078 3446 1155 3523 t‘sffi
1174 3460 1236 3523 ista

187 3556 359 3621 accusatio
376 3567 411 3620 ut
429 3555 480 3639 Q.
491 3557 654 3644 Ligarius
671 3558 929 3651 condqmnetur,
945 3561 1005 3624 sed
1017 3554 1058 3624 'ut
1081 3571 1233 3624 necetur.

188 3657 265 3722 Hoc
282 3654 353 3744 egit
372 3655 455 3720 civis
480 3656 661 3723 Romanus
688 3670 764 3722 ante
791 3670 823 3723 te
848 3680 962 3722 nemo
1011 3658 1154 3724 Externi
1181 3657 1234 3722 isti

187 3780 298 3823 mores
322 3776 431 3841 usque
456 3757 726 3844 adssanguinem
749 3758 881 3822 incitari
903 3757 1046 3845 [solent]
1067 3760 1159 3834 odio,
1179 3768 1236 3822 aut

188 3859 313 3953 levium
331 3855 556 3925 Graecorum,
575 3868 632 3919 aut
648 3856 848 3919 immanium
865 3857 1101 3922 barbarorum.
1141 3857 1233 3921 Nam

189 3955 268 4037 quid
286 3954 361 4038 agis
380 3950 494 4014 aliud?
540 3953 674 4016 Romae
697 3976 740 4016 ne
757 3954 819 4018 sit?
845 3967 880 4018 ut
896 3957 998 4021 domo
1022 3956 1159 4022 careat?
1190 3975 1233 4019 ne
1296 4030 1300 4037 ,

1001 4048 1011 4073 Ι

420 4150 426 4157 .
470 4118 689 4173 ’ΎᾼΨΑ
728 4148 740 4163 ,,
815 4158 861 4171 .·
931 4120 1002 4167 μὴ’
1064 4088 1128 4161 rr
1215 4110 1272 4155 »Μ

569 4190 580 4225 l
1190 4186 1200 4199 n

835 4334 839 4341 ·
891 4294 896 4305 '
932 4333 979 4403 μ.
1004 4324 1088 4399 ·.Μ
1122 4312 1151 4395 ᾗ
1155 4310 1351 4394 ΨΜ
