2760 4448
120 288 168 328 m
181 273 246 345 16⁰·]
298 275 506 364 Cructfixton
531 280 580 365 os
599 302 622 344 a
645 279 785 345 Roman
814 278 963 347 Citizen.
1095 298 1135 371 51

116 477 266 543 amittant?
297 488 333 542 ut
347 477 523 564 Satyrum,
541 478 600 566 qui
621 480 714 565 apud
738 479 814 546 illos
838 479 873 545 in
899 482 985 547 aede
1009 481 1138 550 Vestae

114 576 171 643 est?
196 589 229 642 ut
252 574 385 643 cetera?
423 580 505 665 quid
530 580 777 665 Thespienses,
802 593 839 645 ut
863 580 1044 667 Cupidinis
1067 585 1139 672 sig·

112 699 175 742 num
201 677 467 764 [propterquod
490 701 597 743 unum
620 679 775 743 visuntur
799 679 833 744 T
835 681 1021 770 hespiaeJ?
1055 684 1138 770 quid

111 775 242 851 Cnidios,
266 789 305 842 ut
326 777 499 843 Venerem
528 779 781 843 marmoream?
812 780 908 866 quid,
936 793 973 845 ut
996 781 1135 867 pictam,

109 874 202 941 Coos?
230 877 312 963 quid
336 877 518 963 Ephesios,
538 889 573 942 ut
589 876 854 944 Alexandrum?
885 880 970 967 quid
993 879 1138 968 Cyzice-

108 997 167 1051 nos,
185 987 219 1041 ut
235 975 384 1065 Ajacem
408 989 466 1042 aut
485 976 673 1043 Medeam?
702 978 786 1064 quid
803 979 975 1055 Rhodios,
993 993 1031 1045 ut
1046 981 1139 1069 laly·

106 1074 186 1139 sum?
214 1077 296 1162 quid
312 1075 557 1152 Athenienses,
575 1088 612 1142 ut
627 1098 672 1142 ex
694 1099 864 1144 marmore
889 1079 1055 1145 Iacchum
1080 1093 1139 1147 aut

106 1173 246 1240 Paralum
262 1176 393 1262 pictum
410 1188 468 1241 aut
484 1198 527 1242 ex
545 1197 625 1241 aere
642 1176 802 1264 Myronis
820 1178 1006 1244 buculam?
1045 1180 1139 1246 Lon-

105 1294 172 1359 gum
187 1288 235 1340 est
250 1288 284 1340 et
300 1298 369 1341 non
386 1277 620 1342 necessarium
637 1298 908 1343 commemorare
931 1300 1020 1366 quae
1045 1280 1138 1366 apud

105 1393 235 1460 quosque
263 1376 410 1441 visenda
437 1387 514 1441 sunt
542 1388 611 1442 tota
635 1375 722 1455 Asia
750 1388 783 1442 et
814 1377 985 1443 Graecia:
1018 1401 1138 1445 verum

103 1471 171 1537 illud
186 1485 234 1538 est
249 1496 356 1561 quam
374 1476 502 1540 obrem
520 1477 607 1541 haec
619 1497 900 1553 commemorem,
915 1479 1006 1564 quod
1023 1479 1139 1544 existi-

104 1592 179 1638 mare
194 1574 259 1640 hoc
275 1596 340 1640 vos
355 1577 445 1651 volo,
465 1576 589 1641 mirum
608 1577 781 1662 quendam
801 1577 955 1643 dolorem
980 1577 1138 1665 accipere

103 1691 160 1750 eos,
175 1694 217 1739 ex
232 1695 382 1763 quorum
398 1675 544 1769 urbibus·
555 1676 643 1741 haec
659 1675 868 1743 auferantur.

267 2082 485 2173 Crucifixron
516 2084 565 2171 os
584 2106 607 2150 a
637 2085 777 2151 Roman
812 2084 956 2153 Cr‘ttken.

336 2241 433 2306 [Actio
446 2241 583 2300 Secunda,
597 2242 659 2291 Lib.
673 2242 718 2301 V.,
732 2242 895 2309 ch.61-66.]

138 2369 226 2458 Qno
249 2392 346 2438 nunc
364 2371 491 2460 agam?
536 2370 626 2436 Cum
639 2371 712 2459 jam
729 2382 777 2437 tot
792 2373 894 2438 horas
910 2374 954 2439 de
971 2396 1040 2440 uno
1054 2395 1139 2463 gen·

103 2488 146 2535 ere
160 2494 199 2537 ac
209 2474 253 2539 de
272 2473 370 2538 istius
383 2471 514 2537 nefaria
527 2471 867 2548 crudelitate’dicam
879 2509 925 2521 -
935 2495 1013 2538 cum
1031 2496 1138 2560 prope

102 2589 219 2637 omnem
242 2573 318 2636 vim
341 2571 522 2637 verborum
547 2571 621 2658 ejus
645 2570 750 2646 modi,
774 2593 863 2658 quae
889 2573 1018 2638 scelere
1042 2574 1138 2639 istius

102 2668 189 2754 digna
216 2673 298 2746 sint,
327 2671 402 2736 aliis
430 2671 465 2735 in
493 2672 595 2736 rebus
622 2671 908 2755 consumpserim,
932 2694 1042 2758 neque
1071 2674 1138 2738 hoc

103 2770 305 2850 providerim,
331 2782 368 2835 ut
390 2771 554 2836 varietate
578 2769 758 2834 criminum
783 2792 845 2835 vos
873 2782 1017 2836 attentos
1044 2784 1138 2836 tene·

103 2888 341 2958 rem-quem
361 2871 405 2934 ad
426 2871 566 2936 modum
586 2870 629 2934 de
649 2878 743 2931 tanta
763 2889 799 2932 re
819 2868 954 2933 dicam?
990 2868 1135 2957 Opinor,

103 2986 173 3035 unus
202 2971 327 3036 modus
360 2982 460 3055 atque
494 2991 561 3034 una
593 2968 678 3032 ratio
707 2977 768 3032 est.
833 2967 924 3032 Rem
957 2968 992 3031 in
1024 2969 1137 3035 medio

102 3086 223 3148 ponam,
250 3091 340 3157 quae
365 3082 494 3135 tanturn
521 3069 625 3134 habet
649 3068 727 3153 ipsa
750 3067 940 3155 gravitatis,
963 3079 1000 3132 ut
1025 3090 1137 3154 neque

103 3186 164 3232 nea
179 3174 285 3259 <quae
303 3171 481 3257 nullaest)
499 3192 610 3256 neque
627 3169 842 3257 cujusquam,
859 3169 903 3233 ad
920 3168 1136 3234 inflamman-

103 3265 151 3332 dos
164 3285 291 3337 vestros
309 3270 455 3344 animos,
474 3269 667 3356 eloquentia
684 3269 885 3356 requiratur.

136 3382 161 3428 2·
181 3371 314 3437 Gavius
331 3369 400 3443 hic,
414 3391 517 3456 quem
534 3369 624 3444 dico,
640 3367 836 3443 Consanus,
852 3368 981 3433 cumin
998 3369 1057 3435 illo
1073 3393 1136 3435 nu·

104 3483 180 3534 nero
202 3471 329 3536 civium
354 3469 592 3535 Romanorum
617 3469 660 3533 ab
685 3469 748 3560 isto
771 3468 807 3532 in
826 3467 940 3533 vincla
961 3470 1135 3557 conjectus

106 3580 187 3644 esset,
208 3582 241 3635 et
264 3569 381 3634 nescio
402 3589 471 3654 qua
487 3569 617 3634 ratione
634 3568 724 3632 clam
741 3589 760 3632 e
777 3567 950 3633 lautumiis
966 3568 1135 3656 profugis-

106 3674 153 3740 set,
170 3668 436 3754 Messanamque
454 3668 613 3742 venisset,
626 3668 737 3754 -qui
760 3679 828 3732 tarn
846 3690 952 3754 prope
966 3669 1038 3755 jam
1056 3669 1135 3734 Ital-

107 3756 159 3828 iam
170 3780 200 3833 et
214 3769 349 3855 moenia
366 3759 582 3854 Reginorum
600 3767 725 3831 civium
739 3767 976 3833 Romanorum
991 3770 1132 3846 videret,

106 3869 131 3923 et
149 3885 189 3931 ex
209 3869 267 3934 illo
284 3878 376 3932 metu
393 3867 509 3931 mortis
526 3887 568 3931 ac
583 3866 744 3942 tenebris,
762 3867 860 3953 quasi
877 3868 954 3931 luce
971 3867 1135 3932 libertatis

108 3969 133 4022 el
150 3967 244 4034 odore
276 3969 390 4054 aliquo
422 3967 539 4053 legum
571 3976 756 4042 recreatus,
784 3966 1132 4051 revixisset‚--loqui
