2760 4448
164 277 205 316 rx.
220 263 275 332 27.]
389 286 393 295 ’
434 263 505 330 His
528 263 683 330 Frr'ends
706 288 769 332 are
792 267 828 332 in
858 265 972 352 Office.
1176 282 1219 349 33

161 487 231 530 non
269 475 356 538 erat,
386 475 567 551 propterea
604 466 696 552 quod
730 488 790 533 eos
826 467 1027 555 intellegere
1058 465 1220 532 videbam

160 586 217 630 me
246 567 314 629 hoc
338 564 468 653 judicio
498 565 686 630 districtum
711 578 813 652 atque
838 568 1027 654 obligatum
1053 567 1217 631 futurum.

158 682 206 728 25.
230 663 347 751 Atque
369 666 435 728 hoc
454 664 528 749 ipso
551 677 704 749 tempore
729 665 856 732 Siculis
881 667 1117 733 denuntiatum
1143 688 1219 733 esse

159 765 279 840 audio,
295 764 444 850 primum
461 766 505 829 ab
523 764 721 839 Hortensio,
740 767 879 830 domum
899 768 943 831 ad
960 767 1055 847 illum
1074 780 1109 832 ut
1125 767 1219 831 veni-

158 878 258 931 rentz
289 864 426 930 Siculos
450 864 486 928 in
509 885 551 930 eo
571 885 654 930 sane
672 864 797 931 liberos
814 866 941 942 fuisse3
965 868 1141 954 quiquam
1176 868 1220 932 ob

158 988 235 1031 rem
270 975 525 1030 arcesserentur
561 985 640 1029 cum
678 964 933 1055 intellegerent,
967 990 1036 1033 non
1068 967 1216 1033 venisse.

159 1067 300 1130 Interea
325 1064 461 1129 comitia
485 1075 613 1140 nostra,
638 1087 784 1152 quorum
810 1068 873 1133 iste
897 1089 947 1143 se,
968 1079 1005 1132 ut
1028 1079 1219 1132 ceterorum

158 1168 229 1232 hoc
262 1186 354 1230 anno
388 1164 616 1239 comitiorum,
650 1166 829 1231 domiuum
867 1189 942 1234 esse
978 1167 1219 1242 arbitrabatur,

158 1266 284 1332 haberi
309 1275 429 1350 coepta
455 1276 543 1330 sunt.
595 1263 746 1332 Cursare
770 1266 834 1334 iste
859 1268 962 1334 homo
985 1278 1118 1353 potens,
1139 1288 1218 1333 cum

157 1368 233 1432 filio
253 1366 381 1432 blando
402 1376 435 1430 et
454 1365 619 1451 gratioso,
639 1368 770 1433 circum
794 1369 923 1434 tribus:
949 1380 1109 1454 paternos
1134 1367 1220 1432 ami·

158 1489 236 1543 cos,
255 1469 322 1532 hoc
346 1477 396 1532 est
420 1466 599 1543 divisores,
622 1469 798 1553 appellare
821 1490 942 1535 omnes
965 1479 999 1534 et
1020 1466 1217 1533 convenire.

160 1567 271 1651 Quod
300 1589 378 1632 cum
407 1577 498 1631 esset
525 1568 734 1633 intellectum
764 1580 798 1634 et
821 1569 1111 1643 animadversum,
1141 1566 1221 1632 fecit

160 1669 280 1733 animo
310 1667 534 1733 libentissimo
562 1670 710 1754 populus
738 1668 932 1743 Romanus,
955 1678 991 1732 ut
1014 1666 1110 1754 cujus
1135 1666 1220 1731 divi·

159 1769 231 1833 tiae
252 1789 307 1832 me
328 1768 371 1832 de
393 1767 461 1832 fide
484 1768 656 1833 deducere
679 1790 750 1833 non
773 1768 974 1853 potuissent,
997 1788 1041 1831 ne
1065 1766 1219 1854 ejusdem

159 1868 311 1955 pecunia
328 1868 371 1933 de
389 1868 518 1937 honore
536 1868 704 1934 deicerer.

205 1984 255 2031 aa.
279 1967 402 2032 Postea
426 1987 532 2054 quam
549 1968 608 2032 illa
627 1967 797 2053 petitionis
814 1988 942 2055 magna
959 1988 1040 2032 cura
1058 1968 1221 2032 liberatus

161 2091 253 2145 sum,
273 2069 389 2132 animo
410 2068 508 2153 coepi
530 2069 636 2134 multo
658 2069 770 2155 magis
794 2088 904 2133 vacuo
928 2088 969 2133 ac
994 2069 1116 2142 soluto,
1135 2067 1221 2132 nihil

162 2170 258 2235 aliud
275 2169 340 2234 nisi
364 2171 407 2234 de
428 2169 559 2257 judicio
585 2189 691 2255 agere
716 2180 749 2233 et
772 2168 936 2255 cogitare.
986 2167 1151 2253 Reperio,
1166 2167 1223 2255 ju·

161 2270 272 2345 dices,
307 2272 395 2335 haec
427 2270 471 2333 ab
504 2269 575 2334 istis
606 2269 749 2333 consilia
778 2268 860 2333 inita
889 2278 922 2331 et
949 2268 1142 2342 constituta,
1169 2277 1219 2342 ut,

160 2392 382 2456 quacumque
412 2381 527 2455 posset
550 2368 696 2445 ratione,
721 2390 775 2433 res
796 2368 842 2433 ita
865 2369 1059 2442 duceretur,
1077 2377 1112 2431 ut
1128 2366 1221 2452 apud

161 2470 217 2535 Μ.
253 2470 435 2535 Metellum
475 2480 666 2554 praetorem
709 2489 814 2533 causa
853 2467 1034 2532 diceretur.
1100 2465 1140 2529 In
1180 2486 1221 2530 eo

161 2592 241 2636 esse
270 2572 358 2636 haec
388 2569 590 2636 commoda:
624 2567 773 2654 primum
798 2566 850 2631 Μ.
878 2565 1059 2631 Metellum
1086 2565 1223 2630 amicis·

161 2672 288 2737 simum
302 2695 311 2745 ς
333 2671 457 2736 deinde
474 2669 696 2735 Hortensium
711 2667 887 2732 consulem
899 2688 967 2730 non
983 2664 1124 2752 [solum
1137 2663 1216 2752 sed]

161 2772 267 2837 etiam
283 2770 337 2855 Q
350 2770 543 2845 Metellum,
559 2770 616 2857 qui
636 2789 740 2855 quam
759 2767 813 2831 isti
831 2766 873 2831 sit
890 2765 1020 2830 amicus
1038 2764 1220 2830 attendite:

162 2872 260 2937 dedit
283 2872 374 2936 enim
400 2871 677 2957 praerogativam
704 2887 787 2932 suae
809 2865 991 2931 voluntatis
1016 2864 1089 2951 ejus
1114 2863 1220 2938 modi,
1269 2932 1276 2946 ‚

160 2981 200 3035 ut
224 2971 279 3035 isti
305 2993 365 3056 pro
390 2970 637 3057 praerogativis
662 2989 740 3034 eam
767 2964 956 3031 reddidisse
981 2963 1148 3027 videatur.

207 3088 256 3134 27.
278 3069 337 3135 An
361 3091 416 3134 me
440 3070 620 3133 taciturum
642 3069 743 3133 tantis
765 3067 807 3132 de
825 3065 927 3130 rebus
945 3059 1222 3127 existimavistis?

162 3181 197 3236 et
219 3191 289 3245 me,
311 3170 346 3232 in
374 3180 467 3233 tanto
495 3168 543 3232 rei
573 3169 732 3253 publicae
763 3162 1091 3248 existimationisque
1123 3183 1221 3227 meae

162 3269 332 3355 periculo,
355 3268 516 3353 cuiquam
540 3268 772 3332 consulturum
797 3265 1032 3353 potiusquam
1053 3261 1165 3327 officio
1189 3272 1223 3326 et

162 3367 324 3456 dignitati
343 3365 465 3431 meae?
510 3364 665 3432 Arcessit
686 3368 769 3431 alter
794 3365 915 3431 consul
941 3362 1141 3450 designatus
1167 3360 1223 3426 si-

164 3468 284 3532 culos:
312 3466 454 3530 veniunt
474 3487 541 3530 non
564 3465 662 3541 nulli,
681 3476 861 3551 propterea
882 3465 975 3551 quod
996 3462 1039 3527 L.
1059 3460 1221 3526 Metellus

84 3588 88 3595 ·
163 3577 256 3632 esset
286 3577 423 3651 praetor
452 3564 488 3629 in
517 3564 647 3630 Sicilia.
712 3564 802 3631 Cum
834 3565 876 3629 iis
904 3566 950 3630 ita
979 3562 1147 3650 loquitur:
1184 3580 1221 3625 se

164 3668 343 3733 consulem
373 3686 468 3739 esse3
502 3666 639 3729 fratrem
669 3687 769 3730 suum
794 3666 938 3729 alterum
964 3664 1118 3729 Siciliam
1145 3683 1222 3746 pro-

163 3767 315 3832 vinciam
329 3767 495 3839 obtinere,
511 3765 654 3829 alterum
669 3786 744 3829 esse
757 3765 992 3851 quaesiturum
1006 3766 1048 3829 de
1066 3760 1222 3849 pecuniis

165 3867 386 3953 repetundis3
426 3863 529 3930 Verri
557 3885 600 3929 ne
624 3864 740 3930 noceri
764 3864 871 3952 possit
895 3863 1010 3928 multis
1033 3860 1222 3928 rationibus

166 3988 242 4033 esse
266 3966 454 4054 provisum.

687 4091 702 4138 3
