2760 4448
147 272 182 310 vl
200 258 246 329 16]
360 252 443 327 Who
467 286 540 328 was
564 265 621 330 the
644 265 741 329 elder
762 263 942 332 Roscius?
1153 287 1173 352 3

138 459 224 536 ratio,
249 483 365 528 verum
394 463 499 530 etiam
527 465 761 554 cognoscendi
788 466 1000 533 consuetudo
1025 467 1099 557 jam
1130 468 1174 535 de

135 560 260 626 civitate
284 562 416 628 sublata
441 576 504 630 est.

170 675 197 722 r.
218 661 364 728 Accedit
387 665 446 728 illa
470 687 606 753 quoque
631 686 749 741 causa,
768 666 859 753 quod
884 687 905 732 a
931 667 1052 734 ceteris
1077 668 1174 734 sorsi-

127 771 181 824 tan
196 761 242 826 ita
260 764 400 847 petitum
417 766 460 830 sit
475 778 511 830 ut
528 767 691 841 dicerent,
710 777 747 830 ut
762 766 927 832 utrumvis
944 768 1041 834 salvo
1063 768 1174 834 officio

125 861 235 926 facere
260 884 297 927 se
321 885 423 950 posse
451 866 716 930 arbitrarentur:
751 885 772 929 a
801 887 856 931 me
889 878 1003 931 autem
1033 868 1066 933 ei
1094 889 1176 933 con·

123 962 315 1037 tenderunt,
341 964 399 1050 qui
428 966 521 1050 apud
549 986 603 1031 me
631 976 665 1030 et
691 964 842 1030 amicitia
870 977 903 1031 et
931 967 1109 1033 benefieiis
1140 979 1173 1033 et

123 1061 288 1149 dignitate
315 1064 502 1150 plurimum
530 1076 684 1151 possunt,
708 1087 855 1152 quorum
883 1087 951 1153 ego
981 1087 1045 1132 nec
1072 1068 1176 1132 bene·

122 1163 307 1228 volentiam
342 1186 427 1254 erga
462 1187 518 1231 me
550 1166 723 1253 ignorare,
754 1185 819 1230 nec
851 1166 1088 1231 auctoritatem
1120 1187 1174 1231 as·

122 1263 270 1344 pernati,
306 1286 372 1330 nec
408 1266 618 1331 voluntatem
658 1265 847 1353 neglegere
884 1265 1045 1331 debeam.
1109 1266 1174 1332 His

122 1362 162 1425 de
182 1364 301 1452 causis
318 1387 386 1451 ego
406 1365 486 1431 huic
506 1387 631 1431 causae
653 1377 817 1451 patronus
843 1366 969 1440 exstiti,
992 1388 1060 1431 non
1085 1367 1175 1431 elec·

121 1471 171 1525 tus
191 1485 283 1527 unus
304 1466 364 1550 qui
380 1466 532 1531 maximo
548 1465 702 1553 ingenio,
721 1466 782 1529 sed
800 1466 940 1531 relictus
956 1486 1000 1531 ex
1016 1467 1175 1532 omnibus

121 1562 176 1647 qui
201 1563 346 1629 minimo
374 1565 528 1649 periculo
551 1586 689 1651 possem
715 1564 852 1639 dicere;
885 1587 997 1652 neque
1021 1565 1069 1630 uti
1094 1566 1175 1632 satis

28 1672 30 1677 ’
121 1662 218 1727 firmo
240 1663 415 1748 praesidio
437 1665 599 1730 defensus
620 1664 706 1730 Sex.
729 1664 893 1741 Roscius,
916 1687 1037 1729 verum
1061 1664 1108 1729 uti
1132 1686 1175 1730 ne
1200 1682 1204 1687 ·

123 1763 260 1828 omnino
286 1764 441 1828 desertus
466 1777 566 1830 esset.

164 1882 215 1926 vr.
248 1881 278 1927 5.
301 1863 387 1928 Sex.
415 1864 577 1939 Roscius,
602 1875 699 1950 pater
719 1865 878 1951 hujusce,
895 1864 1075 1951 municeps
1091 1861 1175 1929 Am-

74 2045 78 2051 ,
124 1961 234 2028 erinus
260 1962 336 2039 suit,
363 1984 441 2028 eum
468 1984 596 2052 genere
625 1974 658 2029 et
682 1964 857 2029 nobilitate
883 1975 916 2029 et
937 1964 1085 2049 pecunia
1107 1986 1175 2029 non

123 2064 222 2128 modo
239 2063 293 2127 sui
311 2062 476 2148 municipi
505 2062 744 2128 verumetiam
769 2064 844 2151 ejus
867 2063 1051 2130 vicinitatis
1075 2064 1175 2129 facile

124 2162 264 2245 primus,
290 2175 364 2226 tum
393 2162 505 2249 gratia
532 2174 633 2249 atque
661 2162 816 2248 hospitiis
843 2162 970 2229 florens
998 2163 1175 2228 hominum

124 2263 425 2328 nobilissimorum.
482 2261 575 2327 Nam
603 2284 681 2327 cum
708 2262 873 2338 Metellis,
902 2262 1070 2339 Serviliis,
1101 2261 1176 2328 Sci-

126 2362 279 2445 pionibus
304 2372 378 2426 erat
409 2361 440 2425 ei
472 2383 542 2447 non
573 2363 676 2427 modo
705 2362 903 2447 hospitium,
928 2384 1048 2428 verum
1073 2363 1176 2428 etiam

126 2461 330 2527 domesticus
346 2483 430 2526 usus
447 2471 480 2525 et
496 2461 728 2536 consuetud03
757 2484 844 2547 quas
867 2463 922 2548 (ut
938 2483 1085 2547 aequum
1104 2464 1171 2549 est)

126 2559 269 2626 familias
307 2561 495 2626 honestatis
532 2561 835 2647 amplitudinisque
872 2561 985 2649 gratia
1021 2561 1173 2626 nomino.

127 2657 239 2747 Itaque
268 2682 314 2726 ex
346 2660 506 2725 omnibus
538 2660 608 2726 suis
640 2661 831 2727 commodis
863 2661 931 2726 hoc
962 2660 1072 2725 solum
1105 2660 1175 2725 filio

128 2761 276 2847 reliquit:
317 2782 399 2824 nam
434 2759 677 2846 patrimonium
709 2761 886 2826 domestici
918 2761 1111 2846 praedones
1141 2760 1175 2823 vi

127 2872 275 2946 ereptum
293 2860 481 2945 possident,
500 2859 592 2924 fama
610 2871 642 2924 et
658 2859 727 2924 vita
747 2860 939 2926 innocentis
964 2860 1007 2924 ab
1032 2858 1175 2944 hospiti·

126 2959 182 3026 bus
206 2960 401 3045 amicisque
423 2960 573 3044 paternis
598 2960 803 3025 defenditur.
866 2978 895 3025 o.
919 2959 954 3024 ls
979 2980 1056 3024 cum
1081 2958 1174 3023 omni

125 3071 274 3146 tempore
306 3060 492 3125 nobilitatis
523 3060 634 3126 fautor
666 3060 798 3136 fuisset,
826 3071 898 3124 tum
932 3060 998 3124 hoc
1028 3059 1173 3123 tumultu

124 3162 291 3246 proximo,
319 3181 398 3225 cum
422 3160 576 3225 omnium
600 3160 766 3226 nobilium
792 3160 942 3248 dignitas
967 3169 999 3223 et
1023 3159 1116 3223 salus
1139 3158 1173 3222 in

62 3316 64 3321 .
125 3262 307 3327 discrimen
323 3262 467 3336 veniret,
486 3273 622 3347 praeter
638 3273 769 3327 ceteros
786 3260 821 3324 in
844 3280 886 3323 ea
905 3257 1076 3324 vicinitate
1096 3280 1173 3324 eam

124 3375 250 3446 partem
271 3383 482 3448 causamque
498 3384 616 3448 opera,
636 3362 760 3436 studio,
781 3358 978 3453 auctoritate
1000 3360 1172 3425 defendit:

125 3465 247 3529 etenim
273 3474 404 3529 rectum
428 3464 569 3550 putabat
593 3485 655 3549 pro
680 3484 799 3528 eorum
825 3461 1001 3525 honestate
1026 3481 1063 3525 se
1086 3482 1174 3548 pug-

126 3586 216 3640 nare,
241 3574 381 3651 propter
404 3585 490 3650 quos
513 3564 587 3649 ipse
613 3562 873 3628 honestissimus
898 3562 986 3625 inter
1009 3581 1088 3625 suos
1112 3581 1174 3624 nu·

126 3666 330 3729 merabatur.
379 3661 609 3749 Posteaquam
640 3662 781 3727 victoria
820 3660 1001 3727 constituta
1036 3670 1097 3733 est,
1131 3660 1174 3724 ab

127 3764 296 3849 armisque
330 3763 699 3836 recessimus,-cum
737 3762 1029 3847 proscriberentur
1066 3758 1174 3822 homi-

127 3875 318 3949 nes,atque
341 3862 499 3928 exomni
523 3861 665 3948 regione
690 3871 893 3946 caperentur
917 3860 948 3923 ei
972 3860 1029 3946 qui
1054 3858 1174 3922 adver·

128 3963 201 4026 sarii
230 3962 338 4027 fuisse
365 3963 725 4048 putabantur,-erat
749 3961 805 4024 ille
830 3959 966 4024 Romae
991 3959 1173 4042 frequens;
