2722 4438
177 266 241 333 208
527 263 684 350 Diffence
708 264 756 351 (ff
768 263 872 329 Man
1123 259 1234 329 [Mst02

174 487 304 553 vosque
333 465 487 539 obsecro,
510 463 658 553 judices,
676 475 713 530 ut
739 475 851 531 vestra
874 460 1055 538 beneficia,
1078 483 1173 549 quae
1199 461 1235 527 in

174 589 230 633 me
262 565 463 640 contulistis,
492 576 549 629 aut
580 564 615 629 in
646 566 748 652 hujus
780 566 889 630 salute
921 562 1091 651 augeatis,
1112 574 1174 628 aut
1198 562 1235 628 in

173 667 328 757 ejusdem
353 665 457 732 exitio
480 685 646 730 occasura
669 686 744 730 esse
768 665 925 730 videatis.
1077 744 1081 751 ,

218 788 362 833 xxxvn.
389 781 446 828 101.
471 765 537 831 His
568 765 718 831 lacrimis
742 788 810 831 non
836 776 990 831 movetur
1014 762 1116 829 Milo.
1171 762 1236 829 Est

174 869 323 956 quodam
347 865 540 931 incredibili
572 866 693 932 robore
722 865 839 931 animi.
885 865 1056 931 Exsilium
1081 862 1129 928 ibi
1155 884 1233 928 esse

174 978 280 1054 putat,
307 967 365 1032 ubi
390 965 502 1031 virtuti
527 988 595 1030 non
619 966 662 1031 sit
684 967 801 1040 locus;
839 976 982 1031 mortem
1014 974 1160 1029 naturae
1193 964 1234 1027 fi-

173 1089 253 1132 nem
270 1088 359 1140 esse,
378 1087 447 1131 non
464 1087 625 1150 poenam.
675 1064 745 1131 Sed
762 1066 819 1131 hic
834 1087 877 1131 ea
899 1077 1012 1131 mente
1036 1086 1106 1153 qua
1129 1076 1233 1130 natus

174 1177 234 1231 est.
298 1165 394 1249 Qpid
422 1188 497 1241 vos,
519 1164 675 1254 judices?
707 1188 775 1252 quo
802 1167 942 1232 taudem
971 1166 1087 1231 animo
1116 1163 1233 1230 eritis?

175 1266 381 1331 Memoriam
407 1264 549 1330 Milonis
574 1265 771 1341 retinebitis
798 1266 910 1350 ipsum
935 1265 1086 1332 eicietis?
1111 1277 1145 1331 et
1170 1266 1233 1330 erit

175 1365 312 1452 dignior
323 1366 424 1430 locus
441 1365 476 1428 in
492 1365 590 1430 terris
607 1365 697 1430 ullus
710 1363 766 1451 qui
784 1367 877 1435 hanc
888 1366 1046 1432 virtutem
1064 1365 1229 1452 excipiat,

175 1487 279 1552 quam
296 1465 353 1531 hic
369 1465 427 1552 qui
444 1463 656 1549 procreavit?
702 1464 789 1540 Vos,
806 1488 868 1532 vos
885 1467 1036 1552 appello,
1054 1465 1231 1531 fortissimi

174 1565 251 1641 viri,
269 1565 327 1653 qui
344 1566 489 1629 multum
507 1587 567 1650 pro
584 1586 621 1630 re
645 1565 783 1650 publica
807 1567 1014 1654 sanguinem
1038 1566 1230 1632 effudistis:

174 1688 235 1731 vos
253 1666 287 1731 in
304 1665 367 1730 viri
384 1678 417 1731 et
433 1665 468 1728 in
485 1664 569 1730 civis
588 1664 704 1730 invicti
722 1667 859 1751 appello
875 1655 1041 1751 periculo,
1060 1667 1232 1732 centurio-

175 1788 249 1841 nes,
268 1786 396 1853 vosque
417 1764 560 1829 milites:
599 1764 696 1831 vobis
722 1786 791 1830 non
817 1766 918 1831 modo
942 1765 1228 1850 inspectantibu8‚

175 1866 237 1931 sed
260 1866 362 1931 etiarn
383 1864 522 1929 armatis
539 1876 572 1929 et
588 1865 668 1929 huic
687 1865 818 1952 judicio
834 1865 1123 1950 praesidentibus,
1141 1867 1231 1933 haec

174 1976 268 2030 tanta
295 1965 401 2031 virtus
417 1985 474 2037 ex
503 1965 569 2029 hac
594 1965 678 2029 urbe
704 1964 907 2049 expelletur,
931 1966 1228 2041 exterminabitur,

175 2062 380 2148 proicietur?
424 2081 487 2128 102.
511 2062 543 2128 O
575 2085 629 2129 me
661 2062 845 2129 miserum!
882 2063 914 2130 O
947 2086 1001 2129 me
1032 2064 1231 2130 infelicem!

175 2164 356 2231 Revocare
384 2174 420 2227 tu
449 2184 503 2228 me
528 2163 564 2226 in
588 2163 746 2248 patriam,
771 2163 876 2237 Milo,¹
896 2164 1032 2249 potuisti
1058 2187 1120 2250 per
1144 2166 1231 2230 hos:

175 2285 241 2350 ego
258 2273 290 2328 te
307 2262 342 2326 in
359 2262 469 2347 patria
485 2284 546 2346 per
563 2264 701 2328 eosdem
719 2263 864 2329 retinere
881 2286 949 2329 non
967 2263 1108 2349 potero?
1134 2263 1232 2348 Quid

175 2363 389 2447 respondebo
406 2362 519 2427 liberis
537 2362 634 2437 meis,
654 2362 712 2448 qui
733 2373 765 2427 te
791 2374 968 2447 parentem
994 2364 1140 2428 alterum
1168 2387 1232 2449 pu-

174 2461 268 2527 tant?
301 2460 397 2544 Quid
413 2461 485 2537 tibi,
505 2460 634 2546 Quinte
651 2461 765 2537 frater,
784 2463 841 2548 qui
859 2483 952 2527 nunc
968 2464 1064 2539 abeo,
1080 2465 1231 2529 consorti

176 2583 311 2627 mecum
328 2573 519 2647 temporum
536 2560 693 2627 illorum?
740 2561 846 2627 Mene
863 2584 932 2627 non
954 2563 1104 2647 potuisse
1125 2563 1232 2629 Milo-

82 2693 91 2703 ·
175 2662 228 2728 nis
254 2662 399 2727 salutem
424 2662 510 2753 tueri
539 2683 600 2747 per
628 2662 779 2736 eosdem,
798 2683 860 2746 per
883 2683 969 2748 quos
993 2674 1146 2727 nostram
1172 2664 1232 2729 ille

175 2761 366 2828 servasset?
405 2760 453 2827 At
473 2763 508 2826 in
534 2781 602 2848 qua
630 2782 734 2826 causa
762 2784 832 2826 non
855 2760 1028 2846 potuisse?
1063 2774 1232 2848 quaeest

175 2874 273 2950 grata
298 2862 458 2958 gentibus
484 2908 492 2925 .
521 2909 528 2924 .
557 2907 564 2923 .
593 2908 601 2923 .
628 2882 697 2925 non
729 2859 901 2945 potuisse?
932 2861 981 2927 eis
997 2861 1056 2948 qui
1075 2862 1231 2929 maxime

175 2963 214 3027 P.
249 2962 350 3029 Clodi
384 2973 490 3027 morte
522 2960 742 3047 acquierunt:
790 2982 857 3046 quo
888 2961 1118 3046 deprecante?
1158 2985 1228 3027 me.

173 3081 235 3128 loa.
270 3062 457 3149 Qudnam
483 3081 550 3147 ego
578 3059 720 3144 concepi
750 3071 882 3126 tantum
909 3062 1035 3138 scelus,
1054 3073 1113 3126 aut
1136 3064 1231 3149 quod

174 3165 210 3228 in
234 3185 289 3237 me
312 3173 442 3227 tantum
460 3160 593 3226 facinus
607 3159 742 3235 admisi,
758 3160 905 3248 judices,
925 3183 1003 3225 cum
1020 3161 1080 3226 illa
1099 3161 1230 3228 indicia

175 3263 366 3328 communis
395 3261 476 3327 exiti
502 3259 679 3347 indagavi,
707 3260 867 3345 patefeci,
891 3260 1027 3346 protuli,
1056 3262 1230 3329 exstinxi?

175 3361 306 3427 Omnes
323 3363 358 3427 in
376 3383 430 3427 me
448 3382 610 3447 meosque
627 3360 821 3425 redundant
836 3382 881 3425 ex
896 3361 988 3427 sonte
1004 3360 1063 3426 illo
1076 3362 1226 3427 dolores.

177 3461 271 3545 Quid
290 3482 343 3525 me
360 3463 522 3528 reducem
540 3483 615 3527 esse
630 3460 806 3526 voluistis?
830 3483 875 3525 an
890 3473 927 3526 ut
943 3461 1155 3547 inspectante
1174 3484 1229 3529 me

175 3560 428 3645 expellerentur
453 3563 484 3627 ei
513 3584 574 3647 per
602 3583 687 3648 quos
716 3582 826 3626 essem
855 3560 1047 3627 restitutus?
1093 3562 1225 3641 Nolite,

175 3663 316 3727 obsecro
333 3684 408 3737 vos,
428 3663 639 3728 acerbiorem
657 3662 739 3727 mihi
757 3662 826 3747 pati
850 3663 997 3728 reditum
1014 3684 1103 3738 esse,
1122 3685 1227 3751 quam

175 3762 275 3829 fuerit
290 3762 348 3827 ille
365 3761 437 3847 ipse
455 3762 638 3829 discessus.
687 3761 782 3829 Nam
798 3762 855 3849 qui
873 3784 1012 3848 possum
1030 3774 1150 3848 putare
1171 3785 1226 3831 me

175 3863 363 3927 restitutum
383 3866 471 3936 esse,
491 3861 519 3926 si
536 3862 706 3927 distrahar
722 3863 765 3927 ab
783 3861 849 3938 his,
866 3883 928 3947 per
943 3883 1029 3948 quos
1053 3862 1225 3928 restitutus

175 3960 274 4026 sum?
