2572 4442
104 333 166 373 xxu.
182 319 235 390 50·]
303 321 379 386 His
400 322 507 387 Exz'le
529 323 591 388 has
615 325 724 387 saved
742 322 801 387 the
824 322 935 390 State.
1081 340 1144 411 157

102 518 192 608 gere?
238 518 404 606 Quorum
431 522 574 589 alterum
598 522 802 610 fugiendum
825 544 894 589 non
916 544 1005 600 esse,
1027 546 1145 592 carere

100 642 208 685 sensu:
234 622 386 685 alterurn
404 623 506 687 etiam
523 624 724 707 optandum,
744 623 883 687 meliore
900 644 976 689 esse
993 645 1108 689 sensu.

131 738 175 786 24.
200 722 305 787 Haec
323 743 392 809 ego
410 734 443 786 et
459 724 565 787 multa
583 723 651 786 alia
668 721 824 808 cogitans
841 724 908 787 hoc
923 724 1096 800 videbam,
1115 725 1144 790 si

94 843 225 887 causa-m
244 822 425 908 publicam
444 842 520 885 mea
538 843 629 886 mors
646 822 859 906 peremisset,
877 823 1050 887 neminem
1071 845 1145 886 um-

14 920 16 929 “
90 942 187 1006 quam
203 923 279 987 sore
297 922 357 1009 qui
375 921 517 986 auderet
533 922 707 1005 suscipere
724 934 842 985 contra
862 920 1035 1007 improbos
1060 922 1144 988 civis

91 1023 229 1086 salutem
246 1023 301 1087 rei
319 1022 491 1108 publicae.
543 1019 662 1106 Itaque
680 1041 748 1084 non
769 1021 879 1085 solum
903 1021 931 1086 si
954 1021 988 1085 vi
1012 1020 1144 1087 interis·

90 1142 168 1194 sem,
193 1123 259 1187 sed
285 1123 389 1188 etiarn
413 1122 441 1188 si
467 1120 586 1185 morbo
611 1118 797 1184 exstinctus
815 1142 939 1195 essem,
958 1120 1030 1187 sore
1048 1132 1144 1206 puta-

4 1268 5 1271 ,
89 1220 162 1286 bam
180 1233 220 1286 ut
242 1223 445 1307 exemplum
466 1221 515 1286 rei
540 1218 700 1306 publicae
725 1221 983 1286 conservandae
1006 1241 1144 1285 mecum

4 1346 5 1349 ¹
88 1319 182 1385 simul
210 1322 380 1389 interiret.
431 1320 520 1405 Quis
547 1320 640 1386 enim
668 1340 953 1405 umquam—me
976 1340 999 1384 a
1022 1333 1143 1386 senatu

4 1478 5 1481 ,
87 1421 285 1508 populoque
303 1422 463 1488 Romano
481 1433 571 1486 tanto
588 1419 742 1486 omnium
760 1420 928 1485 bonorum
945 1421 1057 1486 studio
1074 1443 1143 1485 non

87 1520 251 1598 restituto,
271 1524 363 1609 quod
381 1534 483 1596 certe,
502 1521 530 1586 si
547 1542 658 1586 essem
674 1520 884 1590 interfectus,
901 1522 1057 1587 accidere
1074 1544 1143 1587 non

86 1621 423 1702 potuisset—ullam
437 1622 485 1686 rei
499 1621 657 1708 publicae
675 1632 807 1706 partem
825 1643 904 1686 cum
920 1643 983 1686 sua
1001 1622 1142 1687 minima

86 1719 214 1786 invidia
237 1725 381 1788 auderet
401 1721 590 1810 attingere?
636 1720 782 1786 Servavi
806 1723 911 1810 igitur
934 1744 1006 1787 rem
1031 1724 1143 1809 publi-

86 1839 159 1885 cam
181 1823 342 1889 discessu
359 1844 450 1897 me0,
464 1822 620 1910 judices:
646 1822 790 1886 caedem
808 1843 828 1886 a
844 1823 941 1888 vobis
958 1824 1142 1911 liberisque

5 1970 6 2009 3
85 1922 218 1998 vestris,
239 1923 447 1998 vastitatem,
460 1921 635 1995 incendia,
649 1921 788 2006 rapinas
805 1945 883 1989 meo
899 1924 1017 1989 dolore
1034 1925 1142 1990 luctu·

5 2058 7 2111 l
87 2042 148 2105 que
161 2023 295 2109 depuli,
309 2035 341 2087 et
350 2044 439 2088 unus
451 2022 503 2087 bis
514 2044 586 2086 rem
600 2022 773 2107 publicam
787 2024 934 2100 servavi,
947 2026 1054 2091 semel
1068 2027 1142 2113 glo-

5 2116 7 2181 i
88 2121 148 2196 ria,
166 2123 294 2188 iterum
312 2144 476 2187 aerumna
493 2143 583 2187 mea.
631 2140 678 2186 25·
701 2123 825 2211 Neque
843 2125 934 2189 enim
951 2126 987 2190 in
1004 2128 1070 2191 boc
1088 2148 1142 2191 me

5 2234 6 2293 ,
89 2220 264 2289 hominem
283 2245 357 2288 esse
373 2222 545 2287 infitiabor
561 2246 739 2310 umquam,
753 2237 791 2289 ut
808 2247 861 2289 me
878 2226 1007 2312 optimo
1024 2228 1139 2302 fratre,

90 2323 275 2389 carissimis
299 2323 426 2397 liberis,
445 2323 610 2389 fidissima
631 2326 792 2412 conjuge,
811 2338 923 2392 vestro
941 2341 1139 2412 conspectu,

6 2414 7 2491 Ῠ
88 2424 211 2502 patria,
228 2425 294 2488 hoc
309 2422 448 2488 honoris
465 2425 589 2509 gradu,
605 2425 678 2490 sine
695 2427 813 2491 dolore
831 2427 982 2492 caruisse
1000 2428 1138 2515 glorier.

6 2570 8 2585 ,
90 2518 194 2607 Qud
224 2524 252 2588 si
281 2523 450 2597 fecissem,
477 2524 568 2609 quod
598 2545 618 2587 a
646 2546 701 2589 me
725 2526 931 2590 beneficium
956 2528 1140 2602 haberetis,

5 2618 7 2687 J
89 2641 165 2688 cum
187 2646 250 2709 pro
267 2623 362 2688 vobis
380 2644 433 2697 ea,
452 2644 541 2708 quae
560 2624 643 2687 mibi
662 2636 776 2690 essent
791 2626 887 2701 vilia,
904 2626 1141 2713 reliquissem?

5 2720 7 2759 ³¹
90 2718 167 2789 Hoc
186 2746 262 2788 meo
278 2723 416 2809 quidem
434 2721 548 2786 animo
565 2723 691 2788 summi
708 2724 743 2787 in
761 2725 906 2810 patriam
923 2726 1049 2792 amoris
1073 2727 1141 2791 mei

4 2806 6 2887 s
88 2822 226 2910 signum
251 2844 326 2887 esse
350 2823 452 2887 debet
473 2822 717 2898 certissimum,
735 2826 841 2910 quod,
860 2846 937 2888 cum
959 2827 1080 2890 abesse
1098 2827 1141 2890 ab

6 2930 7 2933 ’
89 2942 129 2987 ea
148 2924 222 2988 sine
247 2944 380 2987 summo
405 2922 522 2988 dolore
546 2945 615 2988 non
638 2945 792 3009 possem,
815 2927 907 2990 bunc
932 2946 986 2990 me
1010 2924 1141 3010 perpeti

88 3042 191 3108 quam
210 3023 302 3086 illam
321 3021 518 3087 labefactari
537 3024 580 3088 ab
598 3023 762 3109 improbis
780 3026 897 3090 malui.
1149 3106 1153 3112 ⁵

131 3138 180 3187 ao.
204 3121 447 3198 Memineram,
470 3122 619 3210 judices,
645 3125 798 3191 divinum
824 3127 920 3191 illurn
944 3125 1069 3200 virum,
1092 3136 1141 3189 at-

5 3238 6 3251 *
89 3243 154 3307 que
171 3244 215 3288 ex
231 3222 339 3286 isdem
357 3222 479 3307 quibus
500 3245 562 3289 nos
586 3225 760 3291 radicibus
785 3239 902 3291 uatum
927 3226 970 3291 ad
995 3226 1140 3290 salutem

91 3321 188 3410 hujus
214 3321 349 3407 imperi,
375 3321 417 3387 C.
443 3322 609 3402 Marium,
634 3348 770 3391 summa
795 3339 980 3402 senectute,
1003 3347 1082 3390 cum
1106 3324 1140 3389 vi

91 3442 193 3508 prope
221 3422 389 3510 justorum
422 3444 594 3490 armorum
632 3427 851 3514 profugisset,
881 3427 991 3513 primo
1033 3426 1140 3491 senile

90 3542 211 3608 corpus
246 3523 430 3607 paludibus
465 3527 657 3601 occultasse
692 3529 900 3602 demersum,
935 3528 1060 3593 deinde
1095 3527 1140 3591 ad

90 3620 281 3686 infimorum
296 3644 337 3687 ac
348 3624 626 3689 tenuissimorum
644 3627 819 3691 bominum
839 3626 1060 3715 [Minturnis]
1079 3627 1140 3690 mi-

3 3796 4 3809 *
91 3721 308 3788 sericordiam
335 3723 553 3811 confugisse3
585 3725 666 3790 inde
692 3727 832 3814 navigio
856 3750 1037 3814 perparv0‚
1060 3748 1138 3791 cum

91 3823 197 3887 omnis
223 3837 338 3909 portus
362 3834 537 3907 terrasque
556 3823 702 3910 fugeret,
721 3827 755 3889 in
772 3849 849 3893 oras
866 3828 1007 3893 Africae
1024 3829 1139 3892 deser-

91 3922 235 3988 tissimas
265 3921 476 4007 pervenisse.
524 3937 571 3985 ar.
595 3921 710 4010 Atque
738 3926 795 3990 ille
822 3927 928 3991 vitam
955 3948 1067 4001 suam,
1093 3947 1138 3990 ne

92 4020 213 4088 inultus
231 4032 332 4096 esset,
348 4020 392 4084 ad
409 4019 671 4086 incertissimam
688 4044 786 4110 spem
802 4035 836 4089 et
852 4027 895 4090 ad
912 4026 960 4090 rei
978 4025 1137 4110 publicae
