2722 4438
156 275 293 347 v111·22·l
404 274 476 343 Tae
498 275 591 344 Part
619 277 740 346 Cicero
762 280 825 345 lias
848 280 963 346 taken.
1143 302 1207 373 243

156 476 296 544 tandem
316 475 400 541 mihi
416 487 505 543 esset
520 477 696 563 optatius?
736 478 815 568 Ego
831 479 922 546 enim
949 481 1048 549 malis
1072 495 1209 550 senten·

156 577 212 643 tiis
227 576 318 641 vinci
335 598 403 642 non
419 598 573 662 possum,
588 578 688 643 bonis
700 578 840 644 forsitan
857 582 984 665 possim
1002 595 1035 647 et
1050 584 1206 650 libenter.

155 694 199 743 1⁹.
225 676 325 743 Haec
351 677 516 762 populum
541 677 741 743 Romanum
764 679 894 755 videre,
921 682 1207 761 animadvertere,

161 778 319 868 judicare
346 777 487 863 quidam
516 777 656 842 moleste
685 777 810 845 ferunt.
859 779 1041 848 Poteratne
1068 784 1142 849 fieri
1173 794 1210 850 ut

133 887 136 892 ’
156 901 226 946 non
242 876 386 963 proinde
403 875 778 965 hominesdequoque‚
794 879 991 968 utquisque
1008 895 1208 961 mereretur,

162 974 378 1068 judicarent?
439 974 488 1042 Ut
517 976 611 1040 enirn
642 978 685 1041 de
717 977 879 1046 universo
909 994 1031 1046 senatu
1063 984 1210 1068 populus

157 1081 340 1147 Romanus
363 1075 540 1143 verissime
559 1075 704 1163 judicat,
730 1078 834 1145 nullis
861 1080 911 1145 rei
939 1082 1097 1165 publicae
1125 1093 1210 1148 tem·

158 1179 300 1265 poribus
321 1178 413 1241 hunc
436 1175 592 1241 ordinem
616 1176 881 1245 firmioremaut
898 1179 1071 1245 fortiorem
1090 1181 1208 1259 fuisse,

157 1279 208 1344 sic
232 1278 275 1343 de
297 1295 523 1362 unoquoque
548 1286 700 1341 nostrum
726 1288 761 1343 et
785 1279 950 1355 maxime,
966 1280 1024 1366 qui
1045 1281 1111 1346 hoc
1134 1282 1210 1348 loco

157 1376 343 1444 sententias
371 1376 531 1451 dicimus,
557 1375 773 1443 sciscitantur
803 1400 937 1454 omnes,
964 1391 1064 1444 avent
1091 1381 1210 1448 audire

157 1477 241 1564 quid
266 1476 409 1564 quisque
438 1475 601 1541 senserit:
641 1476 688 1541 ita
716 1479 760 1543 de
791 1499 940 1565 quoque,
973 1490 1010 1543 ut
1040 1501 1211 1567 quemque

158 1577 315 1642 meritum
336 1575 552 1650 arbitrantur,
572 1575 780 1642 existimant.
831 1577 1002 1643 Memoria
1022 1588 1138 1643 tenent
1156 1601 1211 1646 me

119 1724 123 1730 -
158 1675 355 1742 antediem
381 1694 460 1739 xm.
481 1673 663 1741 Kalendas
687 1675 872 1762 Januarias
900 1677 1089 1762 principem
1115 1700 1212 1744 revo-

158 1775 300 1847 candae¹
315 1774 479 1840 libertatis
495 1774 622 1840 fuisse:
650 1796 706 1841 me
723 1797 767 1841 ex
784 1776 955 1842 Kalendis
974 1775 1147 1862 Januariis
1167 1780 1212 1845 ad

51 1939 56 1946 .
158 1877 251 1943 hanc
275 1876 395 1940 horam
419 1873 619 1961 invigilasse
644 1875 693 1940 rei
711 1876 891 1961 publicae:
938 1894 987 1942 aa.
1012 1898 1124 1942 meam
1152 1878 1213 1944 do-

158 1997 254 2040 mum
272 1994 434 2061 measque
451 1974 543 2039 auris
560 1974 634 2040 dies
650 1976 828 2062 noctisque
843 1976 997 2043 omnium
1020 1978 1212 2063 praeceptis

158 2075 363 2161 monitisque
391 2073 564 2158 patuisse:
597 2074 682 2139 meis
707 2075 942 2150 litteris‚·meis
967 2077 1104 2159 nuntiis,
1124 2078 1212 2143 meis

159 2174 450 2242 cohortationibus
480 2173 592 2238 omnis
625 2173 682 2260 qui
710 2175 837 2261 ubique
869 2186 982 2241 essent
1005 2177 1050 2241 ad
1080 2177 1211 2262 patriae

158 2275 367 2363 praesidium
392 2273 579 2339 excitatos:
605 2273 691 2339 meis
709 2275 883 2341 sententiis
900 2296 921 2341 a
937 2276 1108 2342 Kalendis
1127 2276 1213 2362 Jan·

158 2375 469 2459 uariis‘numquam
494 2374 627 2460 legatos
651 2374 696 2438 ad
712 2372 921 2440 Antonium:
954 2397 1090 2461 semper
1113 2376 1211 2441 illum

159 2476 306 2550 hostem,
324 2495 460 2559 semper
477 2475 542 2540 boc
559 2474 700 2549 bellum,
718 2486 756 2538 ut
771 2496 851 2561 ego,
869 2475 926 2561 qui
943 2476 1037 2540 omni
1058 2487 1211 2560 tempore

157 2597 261 2642 verae
285 2575 381 2661 pacis
405 2584 524 2641 auctor
539 2573 694 2647 fuissem,
714 2574 795 2638 huic
819 2595 928 2639 essem
953 2575 1084 2640 nomini
1108 2576 1212 2659 pesti-

157 2676 252 2743 ferae
269 2676 364 2761 pacis
381 2675 560 2740 inimicusr
587 2691 630 2737 21.
653 2673 745 2738 idem
762 2672 802 2738 P.
821 2673 1034 2749 Ventidium,
1052 2694 1131 2739 cum
1152 2675 1209 2740 alii

157 2789 200 2841 tr.
219 2777 264 2861 pl.
284 2782 300 2859 t
318 2776 536 2848 volusenum,
554 2795 622 2862 ego
638 2794 775 2858 semper
792 2774 933 2837 hostem.
982 2771 1057 2839 Has
1073 2773 1109 2838 in
1133 2795 1210 2839 sen·

157 2876 280 2942 tentias
306 2896 400 2940 meas
424 2875 452 2940 si
476 2875 635 2940 consules
661 2872 905 2939 discessionem
937 2872 1052 2938 facere
1082 2872 1209 2939 voluis·

156 2988 245 3052 sent,
266 2977 425 3045 omnibus
444 2975 515 3040 istis
539 2973 726 3039 latronibus
750 2972 947 3037 auctoritate
971 2971 1046 3057 ipsa
1069 2982 1208 3038 senatus

161 3077 234 3165 jam
261 3077 393 3163 pridem
417 3076 460 3142 de
486 3074 644 3140 manibus
669 3093 765 3138 arma
790 3072 1004 3138 cecidissent

201 3197 281 3242 vm.
308 3176 380 3242 Sed
404 3176 496 3263 quod
520 3185 589 3239 tum
608 3195 677 3239 non
694 3173 800 3248 licuit,
820 3183 935 3257 patres
958 3159 1154 3257 conscripti,
1172 3169 1207 3237 id

155 3277 223 3342 boc
239 3289 392 3362 tempore
408 3297 476 3341 non
494 3276 605 3341 solum
622 3274 713 3350 licet,
728 3294 847 3339 verum
865 3272 966 3337 etiam
985 3291 1126 3337 necesse
1142 3281 1205 3346 est,
1263 3330 1265 3334 ,

154 3414 200 3427 -
216 3400 276 3443 eos
301 3377 359 3463 qui
386 3398 424 3441 re
452 3386 531 3441 sunt
558 3374 671 3438 hostes
703 3372 834 3460 [verbis
866 3371 1010 3456 notari],
1032 3369 1206 3436 sententiis

154 3477 279 3542 nostris
295 3475 402 3541 hostis
414 3475 570 3563 judicari.
616 3490 665 3537 aa.
695 3471 809 3537 Antea
825 3492 904 3537 cum
923 3472 1054 3535 hostem
1072 3491 1112 3535 ac
1135 3471 1208 3535 bel·

154 3575 226 3640 lum
252 3575 498 3647 nominassem,
516 3574 624 3638 semel
647 3584 682 3638 et
704 3571 841 3657 saepius
866 3569 1069 3637 sententiam
1095 3589 1207 3633 meam

154 3675 198 3740 de
231 3695 375 3740 numero
408 3673 652 3739 sententiarum
688 3671 916 3737 sustulerunt:
948 3670 1042 3756 quod
1074 3669 1109 3733 in
1141 3670 1208 3733 bac

153 3793 261 3840 causa
274 3774 347 3862 jam
364 3772 436 3838 fieri
454 3794 522 3837 non
539 3782 660 3856 potest.
694 3770 749 3836 Ex
765 3770 883 3835 litteris
899 3770 991 3835 enim
1008 3769 1050 3836 C.
1071 3768 1207 3833 Pansae

152 3871 201 3937 A.
237 3872 340 3937 Hirtii
372 3870 564 3945 consulum,
598 3869 642 3935 C.
676 3869 839 3935 Caesaris
870 3891 932 3955 pro
964 3878 1133 3953 praetore,
1163 3868 1208 3933 de

153 3971 286 4039 honore
309 3972 362 4038 dis
386 3971 634 4037 immortalibus
658 3970 817 4035 habendo
842 3968 1027 4034 sententias
1049 3968 1207 4035 dicimus.
