<?xml version="1.0" encoding="UTF-8"?>
<!DOCTYPE html PUBLIC "-//W3C//DTD XHTML 1.0 Transitional//EN"
    "http://www.w3.org/TR/xhtml1/DTD/xhtml1-transitional.dtd">
<html xmlns="http://www.w3.org/1999/xhtml" xml:lang="en" lang="en">
 <head>
  <title>
</title>
<meta http-equiv="Content-Type" content="text/html;charset=utf-8" />
  <meta name='ocr-system' content='tesseract 3.04.00' />
  <meta name='ocr-capabilities' content='ocr_page ocr_carea ocr_par ocr_line ocrx_word'/>
</head>
<body>
  <div class='ocr_page' id='page_1' title='image "./selectorationsc02greegoog_0176.png"; bbox 0 0 2572 4442; ppageno 0'>
   <div class='ocr_carea' id='block_1_1' title="bbox 71 346 1110 437">
    <p class='ocr_par' dir='ltr' id='par_1_1' title="bbox 71 346 1110 437">
     <span class='ocr_line' id='line_1_1' title="bbox 71 346 1110 437; baseline -0.001 -23"><span class='ocrx_word' id='word_1_1' title='bbox 71 348 185 419; x_wconf 52' lang='lat' dir='ltr'>atsi]</span> <span class='ocrx_word' id='word_1_2' title='bbox 232 347 317 437; x_wconf 78' lang='lat' dir='ltr'>Why</span> <span class='ocrx_word' id='word_1_3' title='bbox 340 349 382 414; x_wconf 79' lang='lat' dir='ltr'>he</span> <span class='ocrx_word' id='word_1_4' title='bbox 404 348 509 414; x_wconf 79' lang='lat' dir='ltr'>skuns</span> <span class='ocrx_word' id='word_1_5' title='bbox 533 370 578 413; x_wconf 84' lang='lat' dir='ltr'>an</span> <span class='ocrx_word' id='word_1_6' title='bbox 602 347 749 436; x_wconf 72' lang='lat' dir='ltr'>Appeal</span> <span class='ocrx_word' id='word_1_7' title='bbox 768 356 802 413; x_wconf 86' lang='lat' dir='ltr'>to</span> <span class='ocrx_word' id='word_1_8' title='bbox 825 346 952 414; x_wconf 84' lang='lat' dir='ltr'>Force.</span> <span class='ocrx_word' id='word_1_9' title='bbox 1048 363 1110 435; x_wconf 85' lang='lat'>155</span> 
     </span>
    </p>
   </div>
   <div class='ocr_carea' id='block_1_2' title="bbox 11 548 1212 3643">
    <p class='ocr_par' dir='ltr' id='par_1_2' title="bbox 11 548 1165 2245">
     <span class='ocr_line' id='line_1_2' title="bbox 67 548 1110 637; baseline -0.004 -21"><span class='ocrx_word' id='word_1_10' title='bbox 67 550 124 616; x_wconf 90' lang='lat' dir='ltr'>sibi</span> <span class='ocrx_word' id='word_1_11' title='bbox 150 550 314 637; x_wconf 88' lang='lat' dir='ltr'>propiora</span> <span class='ocrx_word' id='word_1_12' title='bbox 345 572 421 616; x_wconf 92' lang='lat' dir='ltr'>esse</span> <span class='ocrx_word' id='word_1_13' title='bbox 452 550 606 636; x_wconf 89' lang='lat' dir='ltr'>pericula</span> <span class='ocrx_word' id='word_1_14' title='bbox 634 570 738 637; x_wconf 90' lang='lat' dir='ltr'>quam</span> <span class='ocrx_word' id='word_1_15' title='bbox 766 569 843 614; x_wconf 90' lang='lat' dir='ltr'>mea</span> <span class='ocrx_word' id='word_1_16' title='bbox 872 548 1110 636; x_wconf 86' lang='lat' dir='ltr'><strong>loquebantur.</strong></span> 
     </span>
     <span class='ocr_line' id='line_1_3' title="bbox 11 649 1112 737; baseline -0.001 -23"><span class='ocrx_word' id='word_1_17' title='bbox 11 712 13 737; x_wconf 68' lang='lat'>;</span> <span class='ocrx_word' id='word_1_18' title='bbox 63 668 101 714; x_wconf 82' lang='lat'>19.</span> <span class='ocrx_word' id='word_1_19' title='bbox 123 651 192 716; x_wconf 87' lang='lat' dir='ltr'>Sed</span> <span class='ocrx_word' id='word_1_20' title='bbox 217 665 338 716; x_wconf 92' lang='lat' dir='ltr'>tamen</span> <span class='ocrx_word' id='word_1_21' title='bbox 361 663 394 716; x_wconf 93' lang='lat' dir='ltr'>et</span> <span class='ocrx_word' id='word_1_22' title='bbox 413 650 560 716; x_wconf 86' lang='lat' dir='ltr'>Crassus</span> <span class='ocrx_word' id='word_1_23' title='bbox 581 671 601 714; x_wconf 90' lang='lat' dir='ltr'>a</span> <span class='ocrx_word' id='word_1_24' title='bbox 620 649 817 714; x_wconf 90' lang='lat' dir='ltr'>consulibus</span> <span class='ocrx_word' id='word_1_25' title='bbox 837 670 949 713; x_wconf 88' lang='lat' dir='ltr'>meam</span> <span class='ocrx_word' id='word_1_26' title='bbox 970 670 1112 714; x_wconf 91' lang='lat' dir='ltr'>causam</span> 
     </span>
     <span class='ocr_line' id='line_1_4' title="bbox 64 748 1165 836; baseline -0.003 -19.138"><span class='ocrx_word' id='word_1_27' title='bbox 64 751 317 836; x_wconf 86' lang='lat' dir='ltr'>suscipiendam</span> <span class='ocrx_word' id='word_1_28' title='bbox 339 772 414 816; x_wconf 88' lang='lat' dir='ltr'>esse</span> <span class='ocrx_word' id='word_1_29' title='bbox 437 751 583 824; x_wconf 85' lang='lat' dir='ltr'>dicebat,</span> <span class='ocrx_word' id='word_1_30' title='bbox 607 761 779 814; x_wconf 89' lang='lat' dir='ltr'>eteorum</span> <span class='ocrx_word' id='word_1_31' title='bbox 801 749 904 813; x_wconf 87' lang='lat' dir='ltr'>fidem</span> <span class='ocrx_word' id='word_1_32' title='bbox 927 748 1112 835; x_wconf 89' lang='lat' dir='ltr'>Pompeius</span> <span class='ocrx_word' id='word_1_33' title='bbox 1160 756 1165 769; x_wconf 96' lang='lat'>&#39;</span> 
     </span>
     <span class='ocr_line' id='line_1_5' title="bbox 62 849 1114 938; baseline 0.003 -26.861"><span class='ocrx_word' id='word_1_34' title='bbox 62 852 276 936; x_wconf 86' lang='lat' dir='ltr'>implorabat,</span> <span class='ocrx_word' id='word_1_35' title='bbox 297 872 408 938; x_wconf 90' lang='lat' dir='ltr'>neque</span> <span class='ocrx_word' id='word_1_36' title='bbox 432 872 468 915; x_wconf 91' lang='lat' dir='ltr'>se</span> <span class='ocrx_word' id='word_1_37' title='bbox 488 851 658 935; x_wconf 92' lang='lat' dir='ltr'>privatum</span> <span class='ocrx_word' id='word_1_38' title='bbox 683 849 818 935; x_wconf 90' lang='lat' dir='ltr'>publice</span> <span class='ocrx_word' id='word_1_39' title='bbox 835 862 1015 936; x_wconf 85' lang='lat' dir='ltr'>susceptae</span> <span class='ocrx_word' id='word_1_40' title='bbox 1032 871 1114 915; x_wconf 90' lang='lat' dir='ltr'>cau·</span> 
     </span>
     <span class='ocr_line' id='line_1_6' title="bbox 62 950 1121 1035; baseline -0.001 -19"><span class='ocrx_word' id='word_1_41' title='bbox 62 973 114 1016; x_wconf 89' lang='lat' dir='ltr'>sae</span> <span class='ocrx_word' id='word_1_42' title='bbox 137 952 339 1016; x_wconf 80' lang='lat' dir='ltr'>defuturum</span> <span class='ocrx_word' id='word_1_43' title='bbox 361 973 436 1017; x_wconf 89' lang='lat' dir='ltr'>esse</span> <span class='ocrx_word' id='word_1_44' title='bbox 462 953 609 1017; x_wconf 89' lang='lat' dir='ltr'>dicebat.</span> <span class='ocrx_word' id='word_1_45' title='bbox 653 950 768 1035; x_wconf 71' lang='lat' dir='ltr'>Quem</span> <span class='ocrx_word' id='word_1_46' title='bbox 788 952 898 1016; x_wconf 90' lang='lat' dir='ltr'>virum</span> <span class='ocrx_word' id='word_1_47' title='bbox 923 953 1121 1018; x_wconf 88' lang='lat' dir='ltr'>studiosum·</span> 
     </span>
     <span class='ocr_line' id='line_1_7' title="bbox 61 1053 1112 1141; baseline 0.003 -25"><span class='ocrx_word' id='word_1_48' title='bbox 61 1053 134 1127; x_wconf 88' lang='lat' dir='ltr'>mei,</span> <span class='ocrx_word' id='word_1_49' title='bbox 158 1053 426 1138; x_wconf 89' lang='lat' dir='ltr'>cupidissimum</span> <span class='ocrx_word' id='word_1_50' title='bbox 452 1053 500 1118; x_wconf 91' lang='lat' dir='ltr'>rei</span> <span class='ocrx_word' id='word_1_51' title='bbox 528 1053 687 1138; x_wconf 90' lang='lat' dir='ltr'>publicae</span> <span class='ocrx_word' id='word_1_52' title='bbox 715 1054 973 1119; x_wconf 88' lang='lat' dir='ltr'>conservandae</span> <span class='ocrx_word' id='word_1_53' title='bbox 1001 1053 1112 1141; x_wconf 89' lang='lat' dir='ltr'>[dorni</span> 
     </span>
     <span class='ocr_line' id='line_1_8' title="bbox 61 1152 1110 1244; baseline 0.004 -28"><span class='ocrx_word' id='word_1_54' title='bbox 61 1152 182 1241; x_wconf 86' lang='lat' dir='ltr'>meae],</span> <span class='ocrx_word' id='word_1_55' title='bbox 201 1154 291 1221; x_wconf 91' lang='lat' dir='ltr'>certi</span> <span class='ocrx_word' id='word_1_56' title='bbox 308 1154 464 1220; x_wconf 88' lang='lat' dir='ltr'>homiues</span> <span class='ocrx_word' id='word_1_57' title='bbox 485 1155 547 1241; x_wconf 93' lang='lat' dir='ltr'>[ad</span> <span class='ocrx_word' id='word_1_58' title='bbox 566 1176 644 1220; x_wconf 89' lang='lat' dir='ltr'>eam</span> <span class='ocrx_word' id='word_1_59' title='bbox 663 1176 735 1220; x_wconf 90' lang='lat' dir='ltr'>rem</span> <span class='ocrx_word' id='word_1_60' title='bbox 755 1155 873 1244; x_wconf 92' lang='lat' dir='ltr'>positi]</span> <span class='ocrx_word' id='word_1_61' title='bbox 894 1166 1110 1232; x_wconf 89' lang='lat' dir='ltr'>monuerunt,</span> 
     </span>
     <span class='ocr_line' id='line_1_9' title="bbox 59 1256 1113 1344; baseline 0.005 -27"><span class='ocrx_word' id='word_1_62' title='bbox 59 1264 92 1317; x_wconf 91' lang='lat' dir='ltr'>ut</span> <span class='ocrx_word' id='word_1_63' title='bbox 113 1266 204 1320; x_wconf 91' lang='lat' dir='ltr'>esset</span> <span class='ocrx_word' id='word_1_64' title='bbox 229 1258 377 1332; x_wconf 84' lang='lat' dir='ltr'>cautior,</span> <span class='ocrx_word' id='word_1_65' title='bbox 398 1257 540 1344; x_wconf 88' lang='lat' dir='ltr'>ejusque</span> <span class='ocrx_word' id='word_1_66' title='bbox 559 1256 649 1321; x_wconf 87' lang='lat' dir='ltr'>vitae</span> <span class='ocrx_word' id='word_1_67' title='bbox 669 1277 689 1320; x_wconf 91' lang='lat' dir='ltr'>a</span> <span class='ocrx_word' id='word_1_68' title='bbox 710 1277 764 1321; x_wconf 90' lang='lat' dir='ltr'>me</span> <span class='ocrx_word' id='word_1_69' title='bbox 784 1256 925 1323; x_wconf 89' lang='lat' dir='ltr'>insidias</span> <span class='ocrx_word' id='word_1_70' title='bbox 945 1258 1036 1344; x_wconf 90' lang='lat' dir='ltr'>apud</span> <span class='ocrx_word' id='word_1_71' title='bbox 1057 1278 1113 1322; x_wconf 90' lang='lat' dir='ltr'>me</span> 
     </span>
     <span class='ocr_line' id='line_1_10' title="bbox 61 1348 1113 1446; baseline 0.004 -29"><span class='ocrx_word' id='word_1_72' title='bbox 61 1353 144 1418; x_wconf 94' lang='lat' dir='ltr'>domi</span> <span class='ocrx_word' id='word_1_73' title='bbox 167 1357 303 1440; x_wconf 90' lang='lat' dir='ltr'>positas</span> <span class='ocrx_word' id='word_1_74' title='bbox 321 1348 396 1422; x_wconf 85' lang='lat' dir='ltr'>esse</span> <span class='ocrx_word' id='word_1_75' title='bbox 420 1357 600 1431; x_wconf 87' lang='lat' dir='ltr'>dixerunt;</span> <span class='ocrx_word' id='word_1_76' title='bbox 625 1369 726 1443; x_wconf 91' lang='lat' dir='ltr'>atque</span> <span class='ocrx_word' id='word_1_77' title='bbox 751 1358 842 1422; x_wconf 89' lang='lat' dir='ltr'>hanc</span> <span class='ocrx_word' id='word_1_78' title='bbox 864 1358 939 1446; x_wconf 86' lang='lat' dir='ltr'>ejus</span> <span class='ocrx_word' id='word_1_79' title='bbox 955 1357 1113 1443; x_wconf 86' lang='lat' dir='ltr'>suspitio-</span> 
     </span>
     <span class='ocr_line' id='line_1_11' title="bbox 60 1457 1113 1543; baseline 0.003 -25"><span class='ocrx_word' id='word_1_80' title='bbox 60 1475 130 1519; x_wconf 90' lang='lat' dir='ltr'>nem</span> <span class='ocrx_word' id='word_1_81' title='bbox 156 1457 215 1521; x_wconf 90' lang='lat' dir='ltr'>alii</span> <span class='ocrx_word' id='word_1_82' title='bbox 243 1457 366 1523; x_wconf 90' lang='lat' dir='ltr'>litteris</span> <span class='ocrx_word' id='word_1_83' title='bbox 383 1457 567 1533; x_wconf 89' lang='lat' dir='ltr'>mittendis,</span> <span class='ocrx_word' id='word_1_84' title='bbox 587 1458 645 1522; x_wconf 93' lang='lat' dir='ltr'>alii</span> <span class='ocrx_word' id='word_1_85' title='bbox 670 1458 810 1534; x_wconf 90' lang='lat' dir='ltr'>nuntiis,</span> <span class='ocrx_word' id='word_1_86' title='bbox 830 1458 887 1522; x_wconf 93' lang='lat' dir='ltr'>alii</span> <span class='ocrx_word' id='word_1_87' title='bbox 909 1480 1027 1524; x_wconf 92' lang='lat' dir='ltr'>coram</span> <span class='ocrx_word' id='word_1_88' title='bbox 1047 1457 1113 1543; x_wconf 91' lang='lat' dir='ltr'>ipsi</span> 
     </span>
     <span class='ocr_line' id='line_1_12' title="bbox 11 1556 1113 1633; baseline 0.008 -20"><span class='ocrx_word' id='word_1_89' title='bbox 11 1580 17 1613; x_wconf 64' lang='lat' dir='ltr'>r</span> <span class='ocrx_word' id='word_1_90' title='bbox 60 1556 309 1633; x_wconf 81' lang='lat' dir='ltr'>excitaverunt,</span> <span class='ocrx_word' id='word_1_91' title='bbox 327 1569 363 1622; x_wconf 91' lang='lat' dir='ltr'>ut</span> <span class='ocrx_word' id='word_1_92' title='bbox 379 1558 450 1633; x_wconf 91' lang='lat' dir='ltr'>ille,</span> <span class='ocrx_word' id='word_1_93' title='bbox 469 1579 547 1622; x_wconf 91' lang='lat' dir='ltr'>cum</span> <span class='ocrx_word' id='word_1_94' title='bbox 565 1579 585 1622; x_wconf 92' lang='lat' dir='ltr'>a</span> <span class='ocrx_word' id='word_1_95' title='bbox 603 1579 657 1623; x_wconf 93' lang='lat' dir='ltr'>me</span> <span class='ocrx_word' id='word_1_96' title='bbox 683 1570 774 1624; x_wconf 89' lang='lat' dir='ltr'>certe</span> <span class='ocrx_word' id='word_1_97' title='bbox 800 1559 886 1622; x_wconf 90' lang='lat' dir='ltr'>nihil</span> <span class='ocrx_word' id='word_1_98' title='bbox 905 1559 1050 1633; x_wconf 88' lang='lat' dir='ltr'>timeret,</span> <span class='ocrx_word' id='word_1_99' title='bbox 1068 1558 1113 1622; x_wconf 89' lang='lat' dir='ltr'>ab</span> 
     </span>
     <span class='ocr_line' id='line_1_13' title="bbox 59 1653 1113 1746; baseline 0.005 -30"><span class='ocrx_word' id='word_1_100' title='bbox 59 1653 191 1723; x_wconf 91' lang='lat' dir='ltr'>illisne</span> <span class='ocrx_word' id='word_1_101' title='bbox 217 1659 306 1746; x_wconf 92' lang='lat' dir='ltr'>quid</span> <span class='ocrx_word' id='word_1_102' title='bbox 333 1680 410 1723; x_wconf 90' lang='lat' dir='ltr'>meo</span> <span class='ocrx_word' id='word_1_103' title='bbox 438 1658 577 1723; x_wconf 89' lang='lat' dir='ltr'>nomine</span> <span class='ocrx_word' id='word_1_104' title='bbox 604 1658 803 1723; x_wconf 86' lang='lat' dir='ltr'>molirentur</span> <span class='ocrx_word' id='word_1_105' title='bbox 827 1657 891 1723; x_wconf 92' lang='lat' dir='ltr'>sibi</span> <span class='ocrx_word' id='word_1_106' title='bbox 919 1657 1113 1722; x_wconf 90' lang='lat' dir='ltr'>cavendum</span> 
     </span>
     <span class='ocr_line' id='line_1_14' title="bbox 56 1756 1112 1844; baseline 0.004 -26"><span class='ocrx_word' id='word_1_107' title='bbox 56 1768 201 1839; x_wconf 88' lang='lat' dir='ltr'>putaret.</span> <span class='ocrx_word' id='word_1_108' title='bbox 254 1758 335 1844; x_wconf 89' lang='lat' dir='ltr'>Ipse</span> <span class='ocrx_word' id='word_1_109' title='bbox 362 1768 475 1822; x_wconf 91' lang='lat' dir='ltr'>autem</span> <span class='ocrx_word' id='word_1_110' title='bbox 502 1756 634 1832; x_wconf 87' lang='lat' dir='ltr'>Caesar,</span> <span class='ocrx_word' id='word_1_111' title='bbox 652 1779 754 1844; x_wconf 89' lang='lat' dir='ltr'>quem</span> <span class='ocrx_word' id='word_1_112' title='bbox 781 1758 931 1822; x_wconf 85' lang='lat' dir='ltr'>maxime</span> <span class='ocrx_word' id='word_1_113' title='bbox 956 1757 1112 1822; x_wconf 91' lang='lat' dir='ltr'>homines</span> 
     </span>
     <span class='ocr_line' id='line_1_15' title="bbox 61 1855 1113 1943; baseline 0.007 -26"><span class='ocrx_word' id='word_1_114' title='bbox 61 1855 167 1942; x_wconf 86' lang='lat' dir='ltr'>ignari</span> <span class='ocrx_word' id='word_1_115' title='bbox 196 1860 352 1924; x_wconf 87' lang='lat' dir='ltr'>veritatis</span> <span class='ocrx_word' id='word_1_116' title='bbox 384 1858 469 1922; x_wconf 88' lang='lat' dir='ltr'>mihi</span> <span class='ocrx_word' id='word_1_117' title='bbox 501 1880 576 1924; x_wconf 89' lang='lat' dir='ltr'>esse</span> <span class='ocrx_word' id='word_1_118' title='bbox 608 1857 731 1922; x_wconf 90' lang='lat' dir='ltr'>iratum</span> <span class='ocrx_word' id='word_1_119' title='bbox 764 1858 942 1943; x_wconf 90' lang='lat' dir='ltr'>putabant,</span> <span class='ocrx_word' id='word_1_120' title='bbox 968 1869 1042 1923; x_wconf 89' lang='lat' dir='ltr'>erat</span> <span class='ocrx_word' id='word_1_121' title='bbox 1068 1858 1113 1924; x_wconf 90' lang='lat' dir='ltr'>ad</span> 
     </span>
     <span class='ocr_line' id='line_1_16' title="bbox 62 1957 1111 2046; baseline 0.003 -27"><span class='ocrx_word' id='word_1_122' title='bbox 62 1969 183 2039; x_wconf 90' lang='lat' dir='ltr'>portas,</span> <span class='ocrx_word' id='word_1_123' title='bbox 203 1973 281 2024; x_wconf 88' lang='lat' dir='ltr'>erat</span> <span class='ocrx_word' id='word_1_124' title='bbox 298 1980 376 2023; x_wconf 91' lang='lat' dir='ltr'>cum</span> <span class='ocrx_word' id='word_1_125' title='bbox 393 1958 558 2043; x_wconf 83' lang='lat' dir='ltr'>imperi03</span> <span class='ocrx_word' id='word_1_126' title='bbox 583 1969 656 2022; x_wconf 88' lang='lat' dir='ltr'>erat</span> <span class='ocrx_word' id='word_1_127' title='bbox 671 1957 706 2021; x_wconf 95' lang='lat' dir='ltr'>in</span> <span class='ocrx_word' id='word_1_128' title='bbox 723 1957 822 2021; x_wconf 86' lang='lat' dir='ltr'>Italia</span> <span class='ocrx_word' id='word_1_129' title='bbox 838 1957 911 2046; x_wconf 89' lang='lat' dir='ltr'>ejus</span> <span class='ocrx_word' id='word_1_130' title='bbox 928 1958 1111 2034; x_wconf 87' lang='lat' dir='ltr'>exercitus,</span> 
     </span>
     <span class='ocr_line' id='line_1_17' title="bbox 62 2053 1111 2143; baseline 0.005 -27"><span class='ocrx_word' id='word_1_131' title='bbox 62 2053 159 2142; x_wconf 92' lang='lat' dir='ltr'>inque</span> <span class='ocrx_word' id='word_1_132' title='bbox 184 2081 227 2125; x_wconf 96' lang='lat' dir='ltr'>eo</span> <span class='ocrx_word' id='word_1_133' title='bbox 254 2058 407 2124; x_wconf 88' lang='lat' dir='ltr'>exercitu</span> <span class='ocrx_word' id='word_1_134' title='bbox 439 2058 547 2143; x_wconf 91' lang='lat' dir='ltr'>ipsius</span> <span class='ocrx_word' id='word_1_135' title='bbox 570 2057 696 2122; x_wconf 87' lang='lat' dir='ltr'>tribuni</span> <span class='ocrx_word' id='word_1_136' title='bbox 727 2057 851 2142; x_wconf 92' lang='lat' dir='ltr'>plebis,</span> <span class='ocrx_word' id='word_1_137' title='bbox 877 2057 1007 2123; x_wconf 90' lang='lat' dir='ltr'>inimici</span> <span class='ocrx_word' id='word_1_138' title='bbox 1031 2057 1111 2134; x_wconf 86' lang='lat' dir='ltr'>mei,</span> 
     </span>
     <span class='ocr_line' id='line_1_18' title="bbox 63 2153 450 2245; baseline 0.013 -29"><span class='ocrx_word' id='word_1_139' title='bbox 63 2153 196 2223; x_wconf 80' lang='lat' dir='ltr'>fratrem</span> <span class='ocrx_word' id='word_1_140' title='bbox 222 2159 450 2245; x_wconf 84' lang='lat' dir='ltr'>praefecerat.</span> 
     </span>
    </p>

    <p class='ocr_par' dir='ltr' id='par_1_3' title="bbox 64 2257 1116 2546">
     <span class='ocr_line' id='line_1_19' title="bbox 102 2257 1114 2345; baseline 0.003 -24"><span class='ocrx_word' id='word_1_141' title='bbox 102 2274 149 2321; x_wconf 80' lang='lat'>20.</span> <span class='ocrx_word' id='word_1_142' title='bbox 166 2260 291 2325; x_wconf 89' lang='lat' dir='ltr'>Unum</span> <span class='ocrx_word' id='word_1_143' title='bbox 305 2258 396 2322; x_wconf 90' lang='lat' dir='ltr'>enim</span> <span class='ocrx_word' id='word_1_144' title='bbox 413 2257 497 2321; x_wconf 89' lang='lat' dir='ltr'>mibi</span> <span class='ocrx_word' id='word_1_145' title='bbox 509 2258 659 2324; x_wconf 89' lang='lat' dir='ltr'>restabat</span> <span class='ocrx_word' id='word_1_146' title='bbox 669 2258 767 2333; x_wconf 92' lang='lat' dir='ltr'>illud,</span> <span class='ocrx_word' id='word_1_147' title='bbox 779 2259 871 2345; x_wconf 93' lang='lat' dir='ltr'>quod</span> <span class='ocrx_word' id='word_1_148' title='bbox 887 2259 1028 2325; x_wconf 78' lang='lat' dir='ltr'>forsitan</span> <span class='ocrx_word' id='word_1_149' title='bbox 1045 2280 1114 2324; x_wconf 91' lang='lat' dir='ltr'>non</span> 
     </span>
     <span class='ocr_line' id='line_1_20' title="bbox 64 2357 1116 2446; baseline 0.004 -27"><span class='ocrx_word' id='word_1_150' title='bbox 64 2377 159 2424; x_wconf 88' lang='lat' dir='ltr'>nemo</span> <span class='ocrx_word' id='word_1_151' title='bbox 175 2359 230 2424; x_wconf 91' lang='lat' dir='ltr'>vir</span> <span class='ocrx_word' id='word_1_152' title='bbox 246 2358 343 2424; x_wconf 84' lang='lat' dir='ltr'>sortis</span> <span class='ocrx_word' id='word_1_153' title='bbox 359 2369 393 2422; x_wconf 89' lang='lat' dir='ltr'>et</span> <span class='ocrx_word' id='word_1_154' title='bbox 409 2357 497 2422; x_wconf 88' lang='lat' dir='ltr'>acris</span> <span class='ocrx_word' id='word_1_155' title='bbox 513 2358 618 2422; x_wconf 91' lang='lat' dir='ltr'>animi</span> <span class='ocrx_word' id='word_1_156' title='bbox 636 2359 822 2446; x_wconf 85' lang='lat' dir='ltr'>magnique</span> <span class='ocrx_word' id='word_1_157' title='bbox 846 2359 989 2423; x_wconf 86' lang='lat' dir='ltr'>dixerit:</span> <span class='ocrx_word' id='word_1_158' title='bbox 1019 2359 1116 2423; x_wconf 90' lang='lat' dir='ltr'>‘Re-</span> 
     </span>
     <span class='ocr_line' id='line_1_21' title="bbox 65 2453 1114 2546; baseline 0.005 -28"><span class='ocrx_word' id='word_1_159' title='bbox 65 2456 213 2535; x_wconf 91' lang='lat' dir='ltr'>stitisses,</span> <span class='ocrx_word' id='word_1_160' title='bbox 228 2478 477 2546; x_wconf 80' lang='lat' dir='ltr'>repugnasses,</span> <span class='ocrx_word' id='word_1_161' title='bbox 491 2470 632 2522; x_wconf 91' lang='lat' dir='ltr'>mortem</span> <span class='ocrx_word' id='word_1_162' title='bbox 646 2453 807 2545; x_wconf 81' lang='lat' dir='ltr'>pugnans</span> <span class='ocrx_word' id='word_1_163' title='bbox 821 2459 1034 2544; x_wconf 64' lang='lat' dir='ltr'>appetisses!</span> <span class='ocrx_word' id='word_1_164' title='bbox 1060 2459 1114 2523; x_wconf 91' lang='lat' dir='ltr'>De</span> 
     </span>
    </p>

    <p class='ocr_par' dir='ltr' id='par_1_4' title="bbox 12 2558 1116 3043">
     <span class='ocr_line' id='line_1_22' title="bbox 12 2558 1115 2644; baseline 0.002 -24"><span class='ocrx_word' id='word_1_165' title='bbox 12 2594 14 2629; x_wconf 62' lang='lat'>2</span> <span class='ocrx_word' id='word_1_166' title='bbox 65 2577 125 2640; x_wconf 93' lang='lat' dir='ltr'>quo</span> <span class='ocrx_word' id='word_1_167' title='bbox 140 2571 187 2634; x_wconf 91' lang='lat' dir='ltr'>te,</span> <span class='ocrx_word' id='word_1_168' title='bbox 199 2571 252 2635; x_wconf 88' lang='lat' dir='ltr'>te,</span> <span class='ocrx_word' id='word_1_169' title='bbox 266 2558 420 2644; x_wconf 91' lang='lat' dir='ltr'>inquam,</span> <span class='ocrx_word' id='word_1_170' title='bbox 435 2559 558 2642; x_wconf 87' lang='lat' dir='ltr'>patria,</span> <span class='ocrx_word' id='word_1_171' title='bbox 573 2568 687 2632; x_wconf 90' lang='lat' dir='ltr'>testor,</span> <span class='ocrx_word' id='word_1_172' title='bbox 701 2569 734 2621; x_wconf 93' lang='lat' dir='ltr'>et</span> <span class='ocrx_word' id='word_1_173' title='bbox 748 2579 824 2633; x_wconf 88' lang='lat' dir='ltr'>vos,</span> <span class='ocrx_word' id='word_1_174' title='bbox 841 2568 982 2644; x_wconf 90' lang='lat' dir='ltr'>penates</span> <span class='ocrx_word' id='word_1_175' title='bbox 999 2558 1115 2644; x_wconf 89' lang='lat' dir='ltr'>patrii-</span> 
     </span>
     <span class='ocr_line' id='line_1_23' title="bbox 65 2657 1114 2742; baseline 0.003 -23"><span class='ocrx_word' id='word_1_176' title='bbox 65 2676 124 2739; x_wconf 85' lang='lat' dir='ltr'>que</span> <span class='ocrx_word' id='word_1_177' title='bbox 140 2660 210 2734; x_wconf 91' lang='lat' dir='ltr'>dei,</span> <span class='ocrx_word' id='word_1_178' title='bbox 225 2679 284 2723; x_wconf 92' lang='lat' dir='ltr'>me</span> <span class='ocrx_word' id='word_1_179' title='bbox 296 2668 485 2722; x_wconf 89' lang='lat' dir='ltr'>vestrarum</span> <span class='ocrx_word' id='word_1_180' title='bbox 503 2657 623 2721; x_wconf 89' lang='lat' dir='ltr'>sedum</span> <span class='ocrx_word' id='word_1_181' title='bbox 638 2657 911 2742; x_wconf 91' lang='lat' dir='ltr'>templorumque</span> <span class='ocrx_word' id='word_1_182' title='bbox 929 2678 1046 2732; x_wconf 89' lang='lat' dir='ltr'>causa,</span> <span class='ocrx_word' id='word_1_183' title='bbox 1060 2679 1114 2722; x_wconf 92' lang='lat' dir='ltr'>me</span> 
     </span>
     <span class='ocr_line' id='line_1_24' title="bbox 66 2755 1116 2843; baseline 0 -24"><span class='ocrx_word' id='word_1_184' title='bbox 66 2773 196 2843; x_wconf 89' lang='lat' dir='ltr'>propter</span> <span class='ocrx_word' id='word_1_185' title='bbox 226 2758 373 2823; x_wconf 88' lang='lat' dir='ltr'>salutem</span> <span class='ocrx_word' id='word_1_186' title='bbox 402 2777 557 2820; x_wconf 90' lang='lat' dir='ltr'>meorum</span> <span class='ocrx_word' id='word_1_187' title='bbox 586 2755 725 2830; x_wconf 89' lang='lat' dir='ltr'>civium,</span> <span class='ocrx_word' id='word_1_188' title='bbox 753 2776 842 2841; x_wconf 90' lang='lat' dir='ltr'>quae</span> <span class='ocrx_word' id='word_1_189' title='bbox 870 2755 954 2819; x_wconf 91' lang='lat' dir='ltr'>mibi</span> <span class='ocrx_word' id='word_1_190' title='bbox 979 2777 1116 2840; x_wconf 87' lang='lat' dir='ltr'>semper</span> 
     </span>
     <span class='ocr_line' id='line_1_25' title="bbox 67 2853 1113 2942; baseline 0.004 -27"><span class='ocrx_word' id='word_1_191' title='bbox 67 2853 121 2921; x_wconf 85' lang='lat' dir='ltr'>suit</span> <span class='ocrx_word' id='word_1_192' title='bbox 136 2881 216 2924; x_wconf 89' lang='lat' dir='ltr'>mea</span> <span class='ocrx_word' id='word_1_193' title='bbox 236 2858 347 2922; x_wconf 89' lang='lat' dir='ltr'>carior</span> <span class='ocrx_word' id='word_1_194' title='bbox 360 2856 443 2929; x_wconf 92' lang='lat' dir='ltr'>vita,</span> <span class='ocrx_word' id='word_1_195' title='bbox 462 2854 718 2919; x_wconf 88' lang='lat' dir='ltr'>dimicationem</span> <span class='ocrx_word' id='word_1_196' title='bbox 734 2856 945 2940; x_wconf 89' lang='lat' dir='ltr'>caedemque</span> <span class='ocrx_word' id='word_1_197' title='bbox 970 2855 1113 2942; x_wconf 84' lang='lat' dir='ltr'>fugisse.</span> 
     </span>
     <span class='ocr_line' id='line_1_26' title="bbox 67 2950 1116 3043; baseline 0 -26"><span class='ocrx_word' id='word_1_198' title='bbox 67 2950 197 3023; x_wconf 83' lang='lat' dir='ltr'>Etenim</span> <span class='ocrx_word' id='word_1_199' title='bbox 215 2959 246 3024; x_wconf 90' lang='lat' dir='ltr'>si</span> <span class='ocrx_word' id='word_1_200' title='bbox 271 2956 355 3020; x_wconf 90' lang='lat' dir='ltr'>mihi</span> <span class='ocrx_word' id='word_1_201' title='bbox 380 2956 415 3020; x_wconf 91' lang='lat' dir='ltr'>in</span> <span class='ocrx_word' id='word_1_202' title='bbox 432 2955 548 3043; x_wconf 90' lang='lat' dir='ltr'>aliqua</span> <span class='ocrx_word' id='word_1_203' title='bbox 570 2975 658 3019; x_wconf 85' lang='lat' dir='ltr'>nave</span> <span class='ocrx_word' id='word_1_204' title='bbox 681 2975 760 3018; x_wconf 90' lang='lat' dir='ltr'>cum</span> <span class='ocrx_word' id='word_1_205' title='bbox 782 2955 866 3019; x_wconf 90' lang='lat' dir='ltr'>meis</span> <span class='ocrx_word' id='word_1_206' title='bbox 884 2953 1003 3019; x_wconf 90' lang='lat' dir='ltr'>amicis</span> <span class='ocrx_word' id='word_1_207' title='bbox 1020 2955 1116 3018; x_wconf 90' lang='lat' dir='ltr'>navi-</span> 
     </span>
    </p>

    <p class='ocr_par' dir='ltr' id='par_1_5' title="bbox 15 3054 1212 3149">
     <span class='ocr_line' id='line_1_27' title="bbox 15 3054 1212 3149; baseline -0.003 -31"><span class='ocrx_word' id='word_1_208' title='bbox 15 3060 17 3149; x_wconf 46' lang='grc' dir='ltr'>ᾖ</span> <span class='ocrx_word' id='word_1_209' title='bbox 68 3058 156 3139; x_wconf 85' lang='lat' dir='ltr'>ganti</span> <span class='ocrx_word' id='word_1_210' title='bbox 181 3062 269 3133; x_wconf 85' lang='lat' dir='ltr'>hoc,¹</span> <span class='ocrx_word' id='word_1_211' title='bbox 286 3056 433 3144; x_wconf 85' lang='lat' dir='ltr'>judices,</span> <span class='ocrx_word' id='word_1_212' title='bbox 453 3055 647 3131; x_wconf 88' lang='lat' dir='ltr'>accidisset,</span> <span class='ocrx_word' id='word_1_213' title='bbox 664 3064 701 3119; x_wconf 92' lang='lat' dir='ltr'>ut</span> <span class='ocrx_word' id='word_1_214' title='bbox 718 3054 814 3119; x_wconf 92' lang='lat' dir='ltr'>multi</span> <span class='ocrx_word' id='word_1_215' title='bbox 830 3076 875 3120; x_wconf 87' lang='lat' dir='ltr'>ex</span> <span class='ocrx_word' id='word_1_216' title='bbox 899 3054 1015 3119; x_wconf 89' lang='lat' dir='ltr'>multis</span> <span class='ocrx_word' id='word_1_217' title='bbox 1030 3054 1115 3120; x_wconf 90' lang='lat' dir='ltr'>locis</span> <span class='ocrx_word' id='word_1_218' title='bbox 1203 3098 1212 3115; x_wconf 78' lang='lat'>.</span> 
     </span>
    </p>

    <p class='ocr_par' dir='ltr' id='par_1_6' title="bbox 14 3154 1116 3243">
     <span class='ocr_line' id='line_1_28' title="bbox 69 3154 1116 3240; baseline 0.003 -23.85"><span class='ocrx_word' id='word_1_219' title='bbox 69 3160 256 3236; x_wconf 87' lang='lat' dir='ltr'>praedones</span> <span class='ocrx_word' id='word_1_220' title='bbox 281 3157 448 3222; x_wconf 88' lang='lat' dir='ltr'>classibus</span> <span class='ocrx_word' id='word_1_221' title='bbox 473 3177 550 3220; x_wconf 88' lang='lat' dir='ltr'>eam</span> <span class='ocrx_word' id='word_1_222' title='bbox 574 3177 699 3220; x_wconf 90' lang='lat' dir='ltr'>navem</span> <span class='ocrx_word' id='word_1_223' title='bbox 716 3176 754 3221; x_wconf 89' lang='lat' dir='ltr'>se</span> <span class='ocrx_word' id='word_1_224' title='bbox 770 3176 995 3240; x_wconf 89' lang='lat' dir='ltr'>oppressuros</span> <span class='ocrx_word' id='word_1_225' title='bbox 1016 3154 1116 3219; x_wconf 90' lang='lat' dir='ltr'>mini·</span> 
     </span>
    </p>

    <p class='ocr_par' dir='ltr' id='par_1_7' title="bbox 16 3254 1116 3643">
     <span class='ocr_line' id='line_1_29' title="bbox 16 3254 1115 3333; baseline 0.007 -19"><span class='ocrx_word' id='word_1_226' title='bbox 16 3280 17 3301; x_wconf 63' lang='lat'>1</span> <span class='ocrx_word' id='word_1_227' title='bbox 68 3262 228 3333; x_wconf 88' lang='lat' dir='ltr'>tarentur,</span> <span class='ocrx_word' id='word_1_228' title='bbox 247 3258 311 3322; x_wconf 90' lang='lat' dir='ltr'>nisi</span> <span class='ocrx_word' id='word_1_229' title='bbox 329 3278 384 3321; x_wconf 90' lang='lat' dir='ltr'>me</span> <span class='ocrx_word' id='word_1_230' title='bbox 400 3278 507 3320; x_wconf 90' lang='lat' dir='ltr'>unum</span> <span class='ocrx_word' id='word_1_231' title='bbox 529 3256 594 3320; x_wconf 92' lang='lat' dir='ltr'>sibi</span> <span class='ocrx_word' id='word_1_232' title='bbox 616 3256 839 3330; x_wconf 90' lang='lat' dir='ltr'>dedidissent,</span> <span class='ocrx_word' id='word_1_233' title='bbox 857 3254 886 3320; x_wconf 90' lang='lat' dir='ltr'>si</span> <span class='ocrx_word' id='word_1_234' title='bbox 910 3254 945 3319; x_wconf 91' lang='lat' dir='ltr'>id</span> <span class='ocrx_word' id='word_1_235' title='bbox 961 3266 1115 3322; x_wconf 86' lang='lat' dir='ltr'>vectores</span> 
     </span>
     <span class='ocr_line' id='line_1_30' title="bbox 71 3354 1115 3441; baseline 0.005 -24"><span class='ocrx_word' id='word_1_236' title='bbox 71 3372 244 3441; x_wconf 82' lang='lat' dir='ltr'>negarent,</span> <span class='ocrx_word' id='word_1_237' title='bbox 264 3379 306 3422; x_wconf 92' lang='lat' dir='ltr'>ac</span> <span class='ocrx_word' id='word_1_238' title='bbox 321 3377 457 3421; x_wconf 90' lang='lat' dir='ltr'>mecum</span> <span class='ocrx_word' id='word_1_239' title='bbox 486 3356 587 3421; x_wconf 90' lang='lat' dir='ltr'>simul</span> <span class='ocrx_word' id='word_1_240' title='bbox 613 3354 749 3420; x_wconf 90' lang='lat' dir='ltr'>interire</span> <span class='ocrx_word' id='word_1_241' title='bbox 775 3376 879 3441; x_wconf 88' lang='lat' dir='ltr'>quam</span> <span class='ocrx_word' id='word_1_242' title='bbox 904 3376 959 3420; x_wconf 91' lang='lat' dir='ltr'>me</span> <span class='ocrx_word' id='word_1_243' title='bbox 980 3357 1115 3422; x_wconf 90' lang='lat' dir='ltr'>tradere</span> 
     </span>
     <span class='ocr_line' id='line_1_31' title="bbox 71 3449 1116 3543; baseline 0.005 -27"><span class='ocrx_word' id='word_1_244' title='bbox 71 3449 219 3524; x_wconf 89' lang='lat' dir='ltr'>hostibus</span> <span class='ocrx_word' id='word_1_245' title='bbox 244 3457 396 3530; x_wconf 86' lang='lat' dir='ltr'>mallent,</span> <span class='ocrx_word' id='word_1_246' title='bbox 419 3456 580 3543; x_wconf 86' lang='lat' dir='ltr'>jecissem</span> <span class='ocrx_word' id='word_1_247' title='bbox 604 3455 678 3541; x_wconf 90' lang='lat' dir='ltr'>ipse</span> <span class='ocrx_word' id='word_1_248' title='bbox 703 3477 758 3520; x_wconf 91' lang='lat' dir='ltr'>me</span> <span class='ocrx_word' id='word_1_249' title='bbox 782 3455 892 3540; x_wconf 87' lang='lat' dir='ltr'>potius</span> <span class='ocrx_word' id='word_1_250' title='bbox 917 3455 951 3519; x_wconf 91' lang='lat' dir='ltr'>in</span> <span class='ocrx_word' id='word_1_251' title='bbox 976 3457 1116 3541; x_wconf 82' lang='lat' dir='ltr'>prosun-</span> 
     </span>
     <span class='ocr_line' id='line_1_32' title="bbox 73 3544 1116 3643; baseline 0.002 -24"><span class='ocrx_word' id='word_1_252' title='bbox 73 3544 210 3632; x_wconf 85' lang='lat' dir='ltr'>dum,ut</span> <span class='ocrx_word' id='word_1_253' title='bbox 222 3570 352 3623; x_wconf 89' lang='lat' dir='ltr'>ceteros</span> <span class='ocrx_word' id='word_1_254' title='bbox 369 3577 622 3629; x_wconf 86' lang='lat' dir='ltr'>conservarem,</span> <span class='ocrx_word' id='word_1_255' title='bbox 636 3577 740 3642; x_wconf 91' lang='lat' dir='ltr'>quam</span> <span class='ocrx_word' id='word_1_256' title='bbox 757 3555 834 3620; x_wconf 90' lang='lat' dir='ltr'>illos</span> <span class='ocrx_word' id='word_1_257' title='bbox 851 3556 917 3620; x_wconf 91' lang='lat' dir='ltr'>mei</span> <span class='ocrx_word' id='word_1_258' title='bbox 934 3568 1004 3621; x_wconf 89' lang='lat' dir='ltr'>tam</span> <span class='ocrx_word' id='word_1_259' title='bbox 1021 3556 1116 3643; x_wconf 94' lang='lat' dir='ltr'>cupi-</span> 
     </span>
    </p>
   </div>
   <div class='ocr_carea' id='block_1_3' title="bbox 16 3650 1116 4146">
    <p class='ocr_par' dir='ltr' id='par_1_8' title="bbox 16 3650 1116 4146">
     <span class='ocr_line' id='line_1_33' title="bbox 72 3650 1115 3745; baseline 0.005 -29"><span class='ocrx_word' id='word_1_260' title='bbox 72 3650 130 3720; x_wconf 88' lang='lat' dir='ltr'>dos</span> <span class='ocrx_word' id='word_1_261' title='bbox 145 3680 212 3724; x_wconf 91' lang='lat' dir='ltr'>non</span> <span class='ocrx_word' id='word_1_262' title='bbox 229 3660 332 3723; x_wconf 91' lang='lat' dir='ltr'>modo</span> <span class='ocrx_word' id='word_1_263' title='bbox 346 3658 389 3722; x_wconf 90' lang='lat' dir='ltr'>ad</span> <span class='ocrx_word' id='word_1_264' title='bbox 406 3669 533 3722; x_wconf 90' lang='lat' dir='ltr'>certam</span> <span class='ocrx_word' id='word_1_265' title='bbox 551 3667 707 3731; x_wconf 89' lang='lat' dir='ltr'>mortem,</span> <span class='ocrx_word' id='word_1_266' title='bbox 720 3655 780 3720; x_wconf 92' lang='lat' dir='ltr'>sed</span> <span class='ocrx_word' id='word_1_267' title='bbox 797 3656 832 3719; x_wconf 93' lang='lat' dir='ltr'>in</span> <span class='ocrx_word' id='word_1_268' title='bbox 849 3677 1015 3745; x_wconf 81' lang='lat' dir='ltr'>magnum</span> <span class='ocrx_word' id='word_1_269' title='bbox 1024 3658 1115 3721; x_wconf 90' lang='lat' dir='ltr'>vitae</span> 
     </span>
     <span class='ocr_line' id='line_1_34' title="bbox 75 3750 1116 3843; baseline 0.003 -25"><span class='ocrx_word' id='word_1_270' title='bbox 75 3750 249 3825; x_wconf 84' lang='lat' dir='ltr'>discrimen</span> <span class='ocrx_word' id='word_1_271' title='bbox 267 3758 487 3824; x_wconf 89' lang='lat' dir='ltr'>adducerem.</span> <span class='ocrx_word' id='word_1_272' title='bbox 535 3773 578 3821; x_wconf 78' lang='lat'>21.</span> <span class='ocrx_word' id='word_1_273' title='bbox 602 3755 691 3822; x_wconf 91' lang='lat' dir='ltr'>Cum</span> <span class='ocrx_word' id='word_1_274' title='bbox 708 3776 790 3820; x_wconf 89' lang='lat' dir='ltr'>vero</span> <span class='ocrx_word' id='word_1_275' title='bbox 806 3756 841 3820; x_wconf 93' lang='lat' dir='ltr'>in</span> <span class='ocrx_word' id='word_1_276' title='bbox 858 3757 948 3822; x_wconf 89' lang='lat' dir='ltr'>hanc</span> <span class='ocrx_word' id='word_1_277' title='bbox 964 3757 1012 3822; x_wconf 92' lang='lat' dir='ltr'>rei</span> <span class='ocrx_word' id='word_1_278' title='bbox 1030 3758 1116 3843; x_wconf 92' lang='lat' dir='ltr'>pub-</span> 
     </span>
     <span class='ocr_line' id='line_1_35' title="bbox 16 3847 1115 3944; baseline 0.005 -29"><span class='ocrx_word' id='word_1_279' title='bbox 16 3910 17 3915; x_wconf 73' lang='grc'>,</span> <span class='ocrx_word' id='word_1_280' title='bbox 74 3847 155 3921; x_wconf 89' lang='lat' dir='ltr'>licae</span> <span class='ocrx_word' id='word_1_281' title='bbox 167 3881 303 3933; x_wconf 89' lang='lat' dir='ltr'>navem,</span> <span class='ocrx_word' id='word_1_282' title='bbox 317 3858 440 3943; x_wconf 91' lang='lat' dir='ltr'>ereptis</span> <span class='ocrx_word' id='word_1_283' title='bbox 454 3857 599 3931; x_wconf 91' lang='lat' dir='ltr'>senatui,</span> <span class='ocrx_word' id='word_1_284' title='bbox 612 3856 868 3944; x_wconf 85' lang='lat' dir='ltr'>gubernaculis,</span> <span class='ocrx_word' id='word_1_285' title='bbox 879 3857 1068 3921; x_wconf 89' lang='lat' dir='ltr'>fluitantem</span> <span class='ocrx_word' id='word_1_286' title='bbox 1080 3857 1115 3920; x_wconf 92' lang='lat' dir='ltr'>in</span> 
     </span>
     <span class='ocr_line' id='line_1_36' title="bbox 16 3930 1116 4046; baseline 0 -27"><span class='ocrx_word' id='word_1_287' title='bbox 16 3930 18 4019; x_wconf 80' lang='lat' dir='ltr'>i</span> <span class='ocrx_word' id='word_1_288' title='bbox 78 3951 138 4019; x_wconf 85' lang='lat' dir='ltr'>alto</span> <span class='ocrx_word' id='word_1_289' title='bbox 148 3958 403 4046; x_wconf 89' lang='lat' dir='ltr'>tempestatibus</span> <span class='ocrx_word' id='word_1_290' title='bbox 416 3957 621 4022; x_wconf 92' lang='lat' dir='ltr'>seditionum</span> <span class='ocrx_word' id='word_1_291' title='bbox 635 3977 677 4045; x_wconf 76' lang='lat' dir='ltr'>ap</span> <span class='ocrx_word' id='word_1_292' title='bbox 689 3956 950 4032; x_wconf 87' lang='lat' dir='ltr'>discordiarum,</span> <span class='ocrx_word' id='word_1_293' title='bbox 963 3968 1116 4020; x_wconf 86' lang='lat' dir='ltr'>armatae</span> 
     </span>
     <span class='ocr_line' id='line_1_37' title="bbox 16 4040 1116 4146; baseline 0.008 -35"><span class='ocrx_word' id='word_1_294' title='bbox 16 4040 17 4061; x_wconf 60' lang='lat'>¹</span> <span class='ocrx_word' id='word_1_295' title='bbox 78 4057 119 4116; x_wconf 90' lang='lat' dir='ltr'>tot</span> <span class='ocrx_word' id='word_1_296' title='bbox 147 4060 285 4135; x_wconf 91' lang='lat' dir='ltr'>classes,</span> <span class='ocrx_word' id='word_1_297' title='bbox 310 4058 375 4124; x_wconf 93' lang='lat' dir='ltr'>nisi</span> <span class='ocrx_word' id='word_1_298' title='bbox 404 4079 472 4146; x_wconf 83' lang='lat' dir='ltr'>ego</span> <span class='ocrx_word' id='word_1_299' title='bbox 495 4078 605 4123; x_wconf 89' lang='lat' dir='ltr'>essem</span> <span class='ocrx_word' id='word_1_300' title='bbox 630 4079 719 4122; x_wconf 92' lang='lat' dir='ltr'>unus</span> <span class='ocrx_word' id='word_1_301' title='bbox 743 4057 890 4130; x_wconf 90' lang='lat' dir='ltr'>deditus,</span> <span class='ocrx_word' id='word_1_302' title='bbox 916 4056 1116 4120; x_wconf 89' lang='lat' dir='ltr'>incursurae</span> 
     </span>
    </p>
   </div>
   <div class='ocr_carea' id='block_1_4' title="bbox 0 0 1297 4442">
    <p class='ocr_par' dir='ltr' id='par_1_9' title="bbox 0 0 1297 4442">
     <span class='ocr_line' id='line_1_38' title="bbox 0 0 1297 4442; baseline 0 0"><span class='ocrx_word' id='word_1_303' title='bbox 0 0 1297 4442; x_wconf 95' lang='lat' dir='ltr'> </span> 
     </span>
    </p>
   </div>
  </div>
 </body>
</html>
