2760 4448
177 252 196 297 2
498 230 656 316 Diffence
679 233 727 318 of
742 230 903 297 Roscius.
1032 230 1139 300 [Rosc.
1161 231 1250 284 AM·

176 429 291 500 (hospes)
304 427 489 496 undefended‚
503 428 644 498 prevailed
658 445 732 499 upon
749 430 856 496 Cicero,
870 430 937 484 then
952 447 1047 502 young
1064 431 1120 484 and
1139 429 1250 486 ambi-

176 522 260 584 tious‚
275 529 304 574 to
316 519 418 574 defend
430 521 495 572 him.
534 522 614 573 Even
628 519 670 572 for
682 538 715 573 so
728 537 822 592 young
834 522 889 574 and
902 521 1021 575 obscure
1040 538 1057 574 a
1076 539 1150 585 man,
1170 522 1247 575 this

176 629 232 666 was
246 627 280 665 an
293 620 339 665 act
351 612 412 664 that
430 609 519 664 called
539 609 582 663 for
602 610 800 664 disinterested
821 627 962 682 courage;
984 611 1039 665 and
1060 613 1179 683 nothing
1198 613 1247 664 in
1308 672 1318 677 ,

178 703 301 756 Cicero’s
321 718 415 756 career
436 702 461 754 is
481 717 558 754 more
578 710 607 754 to
626 701 670 754 his
690 701 784 755 credit.
822 702 865 773 By
877 702 924 756 the
938 702 1092 756 successful
1106 702 1247 775 conduct

176 794 209 847 of
225 794 281 847 this
301 809 374 859 case,
388 792 423 846 he
443 791 575 846 obtained
595 791 642 845 the
654 791 844 845 well-merited
857 793 926 846 rank
939 793 972 845 of
989 792 1112 846 aleader
1124 808 1246 863 among

177 886 224 939 the
236 885 325 954 rising
336 884 486 937 advocates
500 883 532 936 of
548 885 646 937 Rome.
683 883 745 936 The
758 882 873 937 defence
886 883 919 937 of
933 884 1054 937 Roscius
1068 884 1091 936 is
1106 884 1153 937 the
1166 883 1244 937 first

176 975 209 1029 of
224 975 347 1029 Cicero's
360 973 454 1042 public
466 973 590 1027 orations
603 990 635 1027 or
647 970 743 1042 pleas}
763 973 817 1026 and
830 974 852 1027 it
864 973 888 1026 is
905 974 1045 1028 criticised
1060 973 1097 1046 by
1108 973 1237 1029 himself

177 1068 204 1119 in
219 1067 266 1119 the
282 1067 393 1133 Orator,
407 1065 487 1133 chap.
501 1078 542 1131 30.

182 1241 387 1387 CREDO
416 1266 482 1333 ego
510 1266 584 1321 vos,
610 1244 763 1331 Judices‚
794 1244 909 1308 mirari
937 1245 1019 1332 quid
1047 1245 1089 1311 sit
1120 1244 1231 1332 quod,

297 1366 375 1408 cum
396 1355 444 1409 tot
466 1342 589 1408 summi
610 1354 760 1408 oratores
781 1343 1004 1429 hominesque
1026 1343 1232 1408 nobilissimi

180 1444 333 1519 sedeant,
353 1465 418 1530 ego
442 1442 654 1528 potissimum
677 1443 896 1518 surrexerim,
915 1443 973 1529 qui
990 1465 1101 1529 neque
1119 1454 1233 1507 aetate

179 1563 290 1628 neque
307 1541 446 1629 ingenio
463 1563 574 1628 neque
592 1542 790 1606 auctoritate
807 1542 870 1607 sim
889 1563 966 1606 curn
989 1542 1054 1616 his,
1073 1542 1131 1629 qui
1146 1544 1234 1606 sed-

180 1654 272 1719 eant,
296 1642 561 1727 comparandus.
611 1641 742 1706 Omnes
766 1641 814 1716 hi,
836 1663 922 1727 quos
945 1641 1067 1720 videtis
1092 1642 1230 1718 adesse,

180 1743 216 1806 in
240 1743 306 1806 hac
331 1763 435 1806 causa
459 1741 618 1829 injuriam
643 1763 731 1806 novo
756 1741 884 1806 scelere
907 1741 1087 1805 conflatam
1109 1752 1232 1826 putant

180 1853 336 1927 oportere
365 1842 516 1916 defendi,
544 1841 728 1906 defendere
756 1841 821 1925 ipsi
850 1851 988 1926 propter
1016 1841 1232 1926 iniquitatem

181 1951 373 2025 temporum
404 1963 473 2005 non
505 1940 651 2013 audent3
691 1940 737 2003 ita
769 1940 805 2004 fit
837 1953 872 2003 ut
904 1940 1017 2004 adsint
1049 1951 1233 2024 propterea

181 2041 272 2126 quod
300 2040 450 2104 officium
479 2051 675 2126 sequuntur,
699 2049 836 2103 taceant
860 2051 973 2103 autern
997 2039 1125 2104 idcirco
1148 2039 1232 2125 quia

77 2137 81 2144 ’
181 2138 371 2226 periculum
396 2139 515 2203 vitant.

226 2257 254 2303 2.
280 2238 380 2327 Quid
410 2238 520 2325 ergo?
577 2236 840 2303 Audacissimus
872 2259 938 2325 ego
970 2260 1014 2302 ex
1045 2221 1233 2303 omnibus?

182 2339 340 2405 Minime.
389 2337 438 2403 At
457 2349 549 2403 tanto
569 2337 751 2402 officiosior
768 2360 870 2425 quam
889 2337 1015 2402 ceteri?
1061 2337 1116 2401 Ne
1134 2337 1233 2402 istius

182 2440 321 2527 quidem
343 2438 455 2503 laudis
479 2437 526 2502 ita
542 2438 616 2503 sim
641 2437 800 2522 cupidus,
824 2448 861 2501 ut
883 2438 958 2502 aliis
976 2458 1052 2502 eam
1070 2458 1233 2522 praerep-

83 2612 86 2620 ,
182 2552 252 2605 tam
268 2539 384 2604 velim.
437 2537 539 2622 Quae
556 2558 610 2602 me
627 2537 732 2624 igitur
747 2557 802 2602 res
819 2548 955 2622 praeter
971 2548 1102 2602 ceteros
1119 2536 1233 2621 impu-

183 2641 233 2717 lit,
250 2651 288 2704 ut
311 2660 452 2704 causam
476 2637 560 2702 Sex.
580 2636 688 2702 Rosci
717 2635 937 2722 reciperem?
985 2635 1092 2722 Quia,
1112 2636 1139 2699 si
1155 2636 1233 2721 quis

184 2742 305 2806 horum
330 2739 483 2815 dixisset,
503 2759 588 2824 quos
606 2736 729 2802 videtis
754 2737 886 2811 adesse,
905 2736 940 2799 in
957 2736 1080 2822 quibus
1097 2757 1234 2801 summa

166 2838 366 2906 'auctoritas
388 2850 439 2904 est
464 2850 564 2924 atque
589 2837 790 2922 amplitud0,
810 2836 837 2901 si
857 2837 1000 2900 verbum
1024 2837 1066 2901 de
1088 2856 1124 2900 re
1146 2836 1234 2920 pub-

184 2941 250 3006 lica
281 2939 534 3015 fecisset‚-id
557 2938 657 3023 ⁴quod
689 2936 724 3000 in
756 2938 823 3000 hac
855 2957 960 3000 causa
988 2937 1061 3000 fieri
1089 2956 1233 3001 necesse

185 3041 418 3116 est,—multo
446 3039 545 3124 plura
574 3037 703 3102 dixisse
731 3058 836 3122 quam
864 3036 1005 3101 dixisset
1036 3046 1233 3121 putaretur:

184 3156 212 3201 a.
236 3161 302 3229 ego
327 3138 458 3204 etiamsi
482 3136 596 3203 omnia
625 3157 713 3222 quae
741 3136 888 3200 dicenda
916 3147 994 3200 sunt
1021 3136 1127 3201 libere
1159 3135 1235 3199 dix-

185 3261 256 3315 ero,
290 3260 508 3326 nequaquam
544 3248 659 3302 tamen
684 3235 849 3301 ,similiter
883 3235 1107 3310 oratio'mea
1139 3236 1234 3300 exire

186 3350 285 3425 atque
306 3339 339 3402 in
357 3340 481 3426 volgus
501 3357 663 3403 emanare
683 3336 816 3422 poterit.
866 3333 1015 3411 Deinde,
1034 3336 1125 3427 quod
1146 3346 1235 3400 cete·

185 3459 300 3503 rorum
332 3460 443 3525 neque
476 3438 602 3502 dictum
632 3437 815 3502 obscurum
845 3446 954 3520 potest
982 3457 1071 3509 esse,
1097 3445 1235 3519 propter

186 3538 453 3627 nobilitatem'et
474 3535 747 3623 amplitudinem,
766 3556 877 3622 neque
899 3547 1027 3600 temere
1048 3535 1137 3599 dicto
1155 3555 1236 3598 con-

188 3636 275 3710 cedi,
306 3649 443 3722 propter
474 3648 620 3700 aetatem
653 3646 685 3699 et
717 3635 954 3720 prudentiam:
994 3657 1060 3722 ego
1093 3634 1120 3697 si
1153 3633 1236 3720 quid

186 3736 325 3800 liberius
357 3736 489 3808 dixero,
518 3736 571 3798 vel
604 3736 775 3799 occultum
808 3756 896 3808 esse,
933 3749 1112 3819 propterea
1143 3731 1237 3818 quod

187 3835 340 3909 nondum
366 3835 409 3899 ad
438 3855 509 3898 rem
538 3833 712 3918 publicam
743 3833 886 3908 accessi,
910 3835 965 3897 vel
993 3832 1127 3920 ignosci
1153 3832 1236 3896 adu·

187 3933 370 3999 lescentiae
403 3934 538 4018 poterit,
556 3933 750 3997 —tametsi
789 3954 857 3997 non
895 3933 997 3997 modo
1032 3928 1235 4017 ignoscendi
