2722 4438
67 232 131 273 taux-
146 216 213 287 144]
285 214 356 281 His
390 212 553 280 Welcoma
576 213 660 280 back
683 222 717 279 to
740 214 849 302 Italy.
1029 213 1090 299 167
1119 217 1121 220 ⁴

65 441 118 509 que
138 418 238 505 ipsius
263 416 392 502 patriae
405 417 571 481 dextram
591 414 804 500 porrexerint
822 414 1034 492 Brundisini,
1048 452 1094 465 -

66 543 128 586 cum
144 519 221 604 ipsis
237 517 347 581 Nonis
361 516 548 581 Sextilibus
560 515 652 580 idem
666 516 738 580 dies
753 516 919 580 adventus
933 518 999 581 mei
1012 517 1094 581 suis-

64 632 103 685 set
117 620 315 703 reditusque,
333 616 391 702 qui
408 615 530 679 natalis
547 615 638 679 idem
656 615 853 680 carissimae
870 617 973 691 filiae,
989 637 1093 702 quam

64 740 98 783 ex
108 717 302 804 gravissimo
313 727 382 779 tum
396 715 543 800 primum
554 714 724 779 desiderio
736 716 896 801 luctuque
907 715 1070 800 conspexi
1084 737 1092 789 3

63 819 137 882 idem
153 818 251 881 etiarn
269 815 375 900 ipsius
392 815 548 880 coloniae
571 812 819 889 Brundisinae;
845 816 936 880 idem
957 814 1011 903 (ut
1031 815 1095 879 sci·

64 918 110 1003 tis)
128 917 217 980 aedis
234 914 388 980 Salutis:
415 934 561 1002 cumque
582 935 637 978 me
659 915 781 980 domus
806 916 927 979 eadem
952 915 1095 1000 optimo-

64 1040 124 1080 rum
147 1028 178 1081 et
204 1016 476 1089 doctissimorum
504 1016 667 1090 virorum,
696 1014 749 1079 M.
777 1015 888 1080 Laeni
917 1015 1034 1080 Flacci
1063 1025 1096 1080 et

64 1116 150 1201 patris
171 1127 203 1180 et
218 1114 331 1180 fratris
348 1115 434 1204 ejus,
453 1114 639 1180 laetissima
657 1114 857 1201 accepisset,
876 1136 965 1202 quae
982 1115 1097 1200 proxi-

65 1238 108 1280 mo
122 1237 206 1280 anno
223 1237 381 1279 maerens
398 1227 575 1300 receperat
590 1226 623 1279 et
648 1237 709 1281 suo
733 1216 904 1301 praesidio
928 1216 1096 1301 periculo·

64 1337 115 1400 que
126 1315 342 1389 del‘enderat3
364 1336 510 1401 cumque
527 1315 646 1380 itinere
663 1327 730 1381 toto
743 1318 845 1380 urbes
860 1315 980 1381 ltaliae
993 1316 1096 1382 festos

65 1407 122 1481 dies
137 1437 238 1503 agere
255 1416 422 1480 adventus
440 1415 506 1480 mei
526 1416 749 1491 videbantur3
781 1417 857 1482 viae
882 1417 1096 1482 multitudine

65 1517 234 1603 legatorum
251 1517 403 1602 undique
417 1516 598 1581 missorum
611 1518 892 1591 celebrabantur3
916 1518 960 1582 ad
976 1519 1096 1582 urbem

68 1637 203 1683 accessus
231 1616 421 1682 incredibili
451 1618 627 1681 hominum
654 1618 867 1682 multitudine
892 1627 925 1683 et
946 1619 1097 1705 gratula-

69 1718 136 1782 tione
157 1719 321 1792 florebat3
356 1718 462 1782 itera
487 1730 596 1803 porta,
621 1718 656 1782 in
681 1717 889 1803 Capitolium
918 1730 1095 1794 ascensus,

69 1818 184 1884 domum
212 1819 342 1884 reditus
370 1831 442 1882 erat
469 1819 542 1906 ejus
568 1819 671 1894 modi,
696 1831 732 1883 ut
755 1840 890 1883 summa
915 1818 949 1883 in
970 1820 1096 1884 laetitia

68 1916 133 1984 illud
165 1922 331 1994 dolerem,
365 1919 535 1983 civitatem
567 1931 636 1984 tam
668 1930 804 2007 gratam
835 1932 905 1984 tam
937 1920 1097 1985 miseram

69 2029 148 2104 atque
170 2041 371 2107 oppressam
395 2019 510 2084 luisse.

99 2138 138 2184 aa.
161 2120 229 2187 Sed
262 2142 319 2186 me
350 2132 502 2205 repente,
532 2119 679 2209 judices,
709 2122 752 2186 de
783 2120 1042 2191 fortissimorum
1066 2130 1100 2185 et

67 2220 312 2289 clarissimorum
341 2221 466 2286 civium
491 2221 657 2309 dignitate
680 2232 714 2287 et
736 2222 847 2308 gloria
871 2222 1041 2287 dicentem
1066 2232 1100 2285 et

67 2322 146 2403 plura
168 2326 269 2390 etiam
297 2323 410 2388 dicere
435 2335 626 2407 parantem,
645 2323 767 2387 horum
788 2336 945 2407 aspectus
967 2323 1002 2387 in
1025 2321 1099 2407 ipso
1175 2399 1181 2405 Α
1263 2386 1266 2396 ,

67 2442 149 2489 cursu
171 2424 334 2491 orationis
358 2424 529 2508 repressit.
578 2422 691 2488 Video
719 2423 759 2488 P.
786 2423 1099 2489 Sestium-meae

67 2524 176 2603 salutis,
198 2537 335 2592 vestrae
361 2524 580 2600 auctoritatis,
602 2525 762 2609 publicae
789 2546 915 2590 causae
943 2524 1101 2590 defenso·

66 2642 134 2700 rem,
162 2636 466 2714 propugnatorem,
497 2636 819 2689 actorem-reum.
868 2625 980 2691 Video
1009 2626 1101 2688 hunc

67 2737 295 2803 praetextatum
314 2726 387 2814 ejus
404 2726 510 2790 lilium
529 2726 637 2790 oculis
653 2726 910 2791 lacrimantibus
935 2748 989 2791 me
1013 2726 1102 2790 intu-

67 2837 172 2891 entem.
220 2829 334 2893 Video
359 2826 540 2899 Milonem,
567 2826 739 2891 vindicem
762 2839 894 2892 vestrae
923 2827 1098 2903 libertatis,

67 2930 221 2993 custodem
248 2927 366 2994 salutis
391 2947 502 2999 meae,
524 2926 713 2992 subsidium
738 2927 894 2992 adflictae
918 2928 967 2993 rei
991 2928 1098 3013 publi·

67 3042 127 3099 cae,
163 3030 404 3094 exstinctorem
446 3026 623 3091 domestici
664 3028 831 3103 latrocini,
870 3049 1102 3114 repressorem

66 3128 164 3193 caedis
183 3129 390 3201 cotidianae,
412 3127 626 3192 defensorem
646 3128 849 3213 templorum
874 3141 975 3214 atque
998 3140 1101 3194 tecto-

65 3241 139 3300 rum,
161 3228 369 3314 praesidium
390 3227 519 3301 curiae‚
542 3227 752 3292 sordidatum
778 3238 810 3292 et
831 3250 941 3293 reum.
988 3227 1101 3293 Video

65 3317 97 3384 P·
119 3325 315 3403 Lentulum,
342 3327 441 3415 cujus
469 3348 536 3413 ego
564 3338 696 3411 patrem
724 3328 826 3392 deum
856 3349 897 3392 ac
924 3340 1101 3413 parentem

65 3430 160 3510 statuo
189 3428 345 3493 fortunae
378 3444 420 3492 ac
450 3426 597 3491 nominis
626 3426 692 3491 mei
721 3437 754 3490 et
780 3425 891 3491 fratris
919 3448 1101 3513 rerumque

65 3533 254 3603 nostrarum,
285 3527 321 3591 in
352 3527 419 3591 hoc
451 3525 575 3591 misero
603 3525 761 3611 squalore
783 3535 815 3590 et
835 3526 1014 3591 sordibus:
1047 3526 1103 3591 cui

66 3625 205 3703 superior
232 3647 342 3691 annus
370 3626 460 3690 idem
490 3635 523 3689 et
547 3625 679 3689 virilem
706 3624 810 3709 patris
836 3636 868 3689 et
889 3635 1102 3710 praetextam

66 3723 169 3803 populi
190 3724 318 3811 judicio
342 3735 459 3812 togam
485 3723 629 3799 dederit,
651 3724 743 3786 hunc
766 3724 833 3788 hoc
857 3745 947 3789 anno
976 3723 1010 3787 in
1036 3725 1102 3787 hac

68 3821 137 3902 loga
177 3820 362 3910 rogationis
406 3823 648 3912 injustissimae
693 3822 839 3887 subitam
882 3823 1101 3888 acerbitatem

69 3930 120 3993 pro
141 3932 233 4004 patre
256 3922 436 3988 fortissimo
464 3932 497 3987 et
524 3922 714 3987 clarissimo
741 3922 816 3988 cive
844 3924 1099 4008 deprecantem.
