2760 4448
286 32 292 43 ,
672 4 675 11 -
1055 3 1080 30 -i

291 98 373 157 tt*
411 63 518 159 3,(ἶῖ
549 104 609 166 on
644 71 801 301 glarol-
835 76 909 152 ol
963 34 1083 164 iffi

218 231 262 298 66
442 234 621 323 Pompey's
689 236 811 324 ilr'tary
840 218 1049 301 Corrzazand.
1147 232 1268 303 [Mami.

217 434 359 521 patrius,
374 435 580 519 celenftatem
595 436 821 523 persequendi
838 435 1046 549 ‘Q
1099 434 1160 501 Sic
1176 435 1273 500 Mith4

217 535 344 601 ridates
360 536 497 624 fugiens
515 538 702 601 maximam
720 537 788 600 vim
813 557 887 621 aur)
912 548 1020 622 atque
1047 536 1184 623 argenti
1207 539 1273 621 pul-

218 636 534 727 clierrimarumque
558 659 671 700 rerum
695 636 861 711 omnium,
881 657 967 722 quas
996 647 1032 701 et
1053 657 1075 699 a
1097 636 1274 723 majoribus

218 749 399 820 acceperat
414 749 448 800 et
463 738 536 822 ipse
552 738 643 801 bello
660 730 895 822 sQex
915 748 986 801 tota
1014 735 1109 801 Asia
1134 737 1276 821 direptas
1337 788 1342 796 .

217 834 252 899 in
269 857 369 900 suum
386 856 532 924 regnum
549 846 781 922 congesserat,
797 836 831 900 in
848 835 957 900 Ponto
970 858 1121 901 omnem
1132 836 1274 922 reliquit.
1340 874 1342 911 3

218 934 318 1000 Haec
336 936 416 1000 dum
434 936 538 1001 nostri
555 936 733 1022 conligunt
748 935 864 1000 omnia
881 936 1105 1024 diligentiuS,
1125 958 1188 1000 rex
1210 937 1308 1044 ipseO

218 1056 237 1100 e
269 1036 426 1123 QQS
458 1034 590 1122 effugit.
639 1033 691 1099 Ita
722 1035 819 1099 illum
847 1034 883 1099 in
908 1037 1150 1123 persequendi
1176 1030 1329 1112 studius*

217 1125 367 1208 maeio'rj
384 1126 447 1200 hos
463 1135 590 1199 laetitia
606 1134 763 1199 tardavit.
831 1152 859 1199 a.
884 1135 1050 1201 Huncin
1076 1137 1141 1201 illo
1165 1137 1279 1200 timore
1341 1176 1342 1213 5

217 1242 251 1298 et
273 1232 356 1321 suga
381 1233 554 1321 Tigranes
578 1256 639 1300 rex
663 1148 852 1322 Arussifirs
875 1238 1026 1322 excepit,
1052 1237 1155 1301 diffid
1202 1246 1214 1298 t
1236 1255 1280 1296 m-

218 1355 284 1420 que
300 1334 489 1421 reflbufs‘suis
512 1326 991 1409 confirmaffiffa‘adfflctum
1016 1347 1150 1411 erexit,
1173 1333 1280 1420 perdi-

217 1406 558 1520 tumqiier‘eii'ie'ffit.
607 1432 717 1522 Cujus
740 1434 775 1499 in
795 1457 940 1522 regnum
961 1448 1088 1521 postea
1110 1456 1217 1522 quarn
1237 1431 1277 1496 L.

218 1532 385 1599 Lucullus
402 1554 479 1598 cum
498 1534 649 1599 exercitu
666 1535 770 1610 venit,
789 1536 905 1620 plures
922 1536 1025 1600 etiarn
1045 1547 1179 1624 gentes
1204 1554 1280 1599 con-

217 1646 268 1699 tra
294 1634 533 1720 imperatorem
557 1648 710 1699 nostrum
730 1634 921 1700 concitatae
941 1647 1028 1700 sunt.
1084 1635 1177 1700 Erat
1193 1633 1280 1699 enim
1341 1710 1342 1715 ἵ

217 1747 328 1799 metus
348 1735 492 1824 injectus
511 1734 562 1800 eis
582 1735 789 1810 nationibus,
807 1756 894 1822 quas
914 1733 1111 1821 numquam
1133 1733 1280 1820 populus
1340 1811 1342 1814 Α

218 1835 400 1900 Romanus
424 1856 535 1922 neque
558 1835 780 1900 lacessendas
803 1835 894 1900 bello
918 1856 1029 1920 neque
1055 1833 1281 1921 temptandas

217 1936 368 2020 putavit:
393 1948 465 1999 erat
480 1936 582 2000 etiam
599 1935 667 1998 alia
685 1934 800 2020 gravis
818 1945 918 2021 atque
934 1936 1131 2000 vehemens
1149 1932 1279 2019 opinio,

217 2054 306 2120 quae
324 2034 456 2117 animos
473 2034 627 2120 gentium
649 2034 873 2097 barbararum
897 2047 1114 2117 pervaserat,
1135 2033 1210 2099 sani
1235 2033 1281 2096 lo·
1341 2080 1342 2085 η

218 2116 439 2218 cupletis'simi
449 2128 485 2198 'e't
498 2132 747 2219 religiosissimi
762 2131 944 2217 diripiendi
958 2153 1065 2199 causa
1077 2134 1192 2211 ineas
1203 2151 1280 2198 oras
1341 2190 1342 2217 q

217 2244 370 2298 nostrum
394 2253 469 2298 esse
491 2231 679 2296 exercitum
697 2231 894 2296 adductum.
944 2232 996 2296 Ita
1013 2235 1176 2300 nationes
1194 2230 1282 2297 mul·
1341 2226 1342 2303 l

216 2343 272 2397 tae
289 2345 390 2419 atque
406 2353 556 2419 magnae
571 2354 662 2416 novo
681 2331 831 2418 quodam
855 2341 983 2398 terrore
1008 2353 1049 2398 ac
1073 2345 1174 2399 metu
1199 2352 1281 2397 con·
1341 2362 1342 2431 p

218 2433 420 2509 citabantur.
468 2424 595 2497 Noster
611 2431 924 2515 autemexercitus‚
939 2428 1072 2497 tametsi
1089 2435 1217 2498 urbem
1236 2450 1280 2494 ex

216 2532 363 2619 Tigrani
380 2553 488 2619 regno
505 2543 656 2616 ceperat,
675 2542 708 2597 et
730 2531 870 2624 proeliis
892 2553 975 2596 usus
999 2543 1072 2596 erat
1095 2530 1277 2602 secundis,

216 2641 331 2695 tamen
356 2633 462 2695 nimia
485 2631 734 2719 longinquitate
750 2626 911 2696 'locorum
936 2652 978 2696 ac
1001 2631 1177 2698 desiderio
1198 2650 1278 2696 suo-

217 2753 292 2795 rum
318 2732 608 2796 commovebatur.
654 2754 658 2759 ’
1198 2744 1205 2753 ’
1341 2748 1342 2809 l

230 2873 235 2887 ·
261 2849 308 2897 24.
334 2832 402 2897 Hic
421 2831 493 2920 jam
517 2833 617 2918 plura
642 2855 710 2899 non
728 2833 855 2898 dicam.
904 2832 983 2896 Fuit
999 2832 1089 2894 enim
1107 2832 1195 2896 illud
1215 2834 1276 2896 ex-
1297 2784 1342 2923 >l

216 2920 376 3010 tremum,
403 2943 440 2997 ut
470 2954 513 2996 ex
545 2932 595 2997 eis
625 2933 710 2998 locis
742 2953 761 2996 a
794 2931 960 2995 militibus
987 2929 1107 2994 nostris
1138 2930 1302 2993 reditus·
1341 2906 1342 2981 i

177 3033 179 3037 ’
218 3035 330 3123 magis
362 3044 513 3097 maturus
544 3053 648 3117 quam
676 3030 850 3116 processio
874 3029 1011 3116 longior
1033 3040 1269 3116 quaereretur.
1341 3010 1342 3083 i

217 3135 435 3200 Mithridates
448 3143 561 3195 autem
575 3141 608 3195 et
620 3151 718 3195 suam
734 3151 873 3193 manum
883 3130 956 3218 jam
970 3131 1201 3205 confirmarat,
1216 3127 1268 3213 [et

217 3234 352 3320 eorum]
373 3231 430 3318 qui
447 3253 483 3296 se
500 3253 543 3296 ex
560 3229 667 3316 ipsius
687 3250 796 3317 regno
820 3231 1055 3318 conlegerant,
1074 3240 1107 3295 et
1131 3224 1266 3316 magnis

218 3322 417 3399 adventiciis
434 3332 571 3397 auxiliis
589 3331 770 3394 multorum
788 3352 909 3417 regum
922 3327 960 3395 ¹et
976 3330 1151 3395 nationum
1168 3330 1267 3418 juva-
1341 3376 1342 3381 1

216 3434 327 3497 batur.
372 3431 451 3517 Jam
484 3434 549 3497 hoc
577 3432 647 3497 sere
676 3431 726 3495 sic
753 3429 827 3494 fieri
855 3430 964 3527 ΨΘ
994 3431 1203 3517 accepimus,
1231 3435 1267 3489 ut

217 3552 339 3622 regum
365 3531 522 3596 adflictae
546 3532 701 3596 fortunae
724 3531 824 3594 facile
845 3532 1027 3596 multorum
1046 3552 1130 3616 opes
1149 3524 1266 3594 adlici-

218 3645 276 3695 ant
290 3632 333 3695 ad
350 3630 631 3706 misericordiam,
647 3630 865 3716 maximeque
882 3652 999 3695 eorum
1017 3632 1074 3716 qui
1092 3642 1150 3695 aut
1165 3645 1265 3715 reges

218 3742 296 3797 sunt
312 3740 370 3794 aut
385 3729 502 3793 vivunt
518 3729 552 3792 in
570 3752 690 3816 regno,
706 3740 742 3794 ut
758 3730 807 3794 eis
824 3751 949 3793 nomen
966 3732 1084 3817 regale
1102 3745 1263 3817 magnum

218 3844 251 3897 et
282 3840 436 3896 sanctum
468 3849 543 3893 esse
570 3829 736 3893 videatur.
784 3845 830 3891 25.
855 3829 974 3914 Itaque
1001 3840 1131 3893 tantum
1158 3829 1264 3893 victus

220 3931 353 3996 efficere
370 3928 489 4015 potuit,
508 3937 673 4015 quantum
690 3927 871 3993 incolumis
887 3948 1075 4014 numquam
1093 3939 1143 3992 est
1163 3945 1263 4025 a—usps

1174 4020 1272 4057 μ
