2722 4438
1311 194 1325 235 t

195 278 259 346 218
501 276 647 343 Pardon
672 277 719 365 of
732 277 938 344 Marcellus.
1127 279 1238 349 [MA1th
1240 272 1301 453 ἐξ

194 490 421 566 cunctamque
445 477 707 562 rempublicam
725 498 779 543 res
804 488 882 543 tuae
906 475 1025 566 gestae
1042 482 1243 566 complexae

194 591 291 645 sunt:
316 590 447 643 tantum
464 577 545 643 abes
563 597 583 641 a
603 577 810 663 perfectione
835 580 1062 645 maximorum
1087 591 1243 665 operum,

194 692 230 745 ut
245 679 468 745 fundamenta
489 678 642 744 nondum
666 698 755 764 quae
779 678 911 765 cogitas
932 679 1067 771 jeceris.
1117 679 1186 744 Hic
1211 692 1247 745 tu

194 780 334 846 modum
349 779 438 845 vitae
462 791 540 844 tuae
564 800 633 844 non
650 779 758 843 salute
778 778 828 842 rei
852 778 1024 862 publicae,
1043 779 1104 844 sed
1129 781 1249 866 aequi·

193 892 261 947 tate
290 880 394 945 animi
420 877 585 945 definies?
632 875 740 964 Quid,
771 878 800 943 si
827 878 917 943 istud
945 900 988 943 ne
1011 880 1143 967 gloriae
1168 893 1254 971 tuae
1281 920 1287 925 ·

194 982 333 1068 quidem
361 980 443 1046 satis
466 978 538 1044 est?
574 979 671 1067 cujus
695 992 727 1044 te
751 1000 827 1044 esse
852 978 1100 1065 avidissimum,
1126 1001 1251 1065 quam·
1311 1018 1315 1023 -

194 1084 246 1147 vis
277 1083 324 1149 sis
343 1080 506 1171 sapiens,
535 1101 603 1144 non
632 1079 787 1166 negabis.
842 1097 891 1144 uo.
924 1079 1096 1143 Parumne
1127 1080 1249 1166 igitur,

195 1166 340 1268 inquies,
360 1201 488 1268 magna
508 1179 762 1266 relinquemus?
809 1179 919 1246 Immo
936 1201 1017 1244 vero
1034 1179 1109 1244 aliis
1126 1200 1253 1266 quam-

194 1283 245 1346 vis
271 1281 383 1346 multis
407 1281 502 1355 satis,
519 1280 579 1350 tibi
601 1280 660 1344 uni
680 1301 815 1365 parum.
865 1279 1042 1366 Quicquid
1065 1288 1116 1343 est
1139 1279 1251 1354 enim,

195 1382 358 1467 quamvis.
376 1381 529 1465 amplum
554 1380 609 1454 sit,
636 1380 671 1445 id
688 1390 739 1444 est
759 1400 880 1464 parum
904 1394 990 1455 tum,
1009 1400 1087 1444 cum
1112 1388 1163 1442 est
1189 1378 1256 1441 ali·

195 1482 277 1568 quid
301 1480 460 1564 amplius.
512 1477 616 1564 Quod
640 1479 668 1545 si
692 1501 806 1545 rerum
830 1492 965 1545 tuarum
989 1478 1252 1554 immortalium,

196 1581 237 1649 C.
258 1580 401 1656 Caesar,
421 1581 477 1645 hic
494 1580 603 1644 exitus
620 1579 752 1645 futurus
769 1580 844 1656 fuit,
861 1592 899 1645 ut
922 1580 1064 1646 devictis
1086 1579 1255 1644 adversa-

134 1713 137 1719 *
192 1683 254 1747 riis
278 1703 350 1746 rem
375 1680 548 1766 publicam
569 1679 604 1744 in
626 1701 668 1745 eo
685 1691 772 1744 statu
789 1681 998 1768 relinqueres
1015 1680 1050 1744 in
1067 1701 1134 1765 quo
1156 1699 1256 1744 nunc

196 1769 259 1857 est,
287 1781 378 1855 vide,
408 1801 549 1865 quaeso,
571 1800 615 1844 ne
646 1791 704 1844 tua
732 1781 848 1845 divina
879 1782 985 1845 virtus
1012 1779 1254 1845 admirationis

196 1882 273 1966 plus
297 1881 339 1945 sit
363 1880 520 1944 habitura
544 1900 650 1965 quam
674 1880 826 1966 gloriae:
860 1880 889 1945 si
905 1881 1044 1966 quidem
1060 1880 1173 1966 gloria
1199 1890 1257 1944 est

196 1981 346 2045 inlustris
378 2000 419 2043 ac
443 1990 630 2065 pervagata
655 2000 860 2066 magnorum
884 1981 971 2044 vel
962 2002 998 2043 ιιι
1022 2002 1102 2045 suos
1124 1979 1223 2044 vel
1214 2001 1257 2044 ιιι

222 2080 341 2144 ariam
358 2079 438 2143 vel
430 2101 464 2142 ιιι
481 2100 581 2143 omne
599 2100 710 2166 genus
726 2080 904 2144 hominurn
921 2079 1013 2144 fama
1035 2080 1252 2145 meritorum.

173 2092 292 2251 diane.
317 2196 364 2243 ur.
389 2179 517 2243 Haec
509 2188 572 2265 igr
573 2200 613 2241 ur
559 2178 688 2242 trbr
705 2180 835 2265 reliqua
858 2201 937 2265 pars
961 2193 1032 2244 est:
1064 2180 1121 2244 hic
1145 2191 1260 2246 restat

198 2292 305 2355 actus,
324 2282 358 2344 in
383 2281 450 2344 hoc
466 2279 781 2344 elaborandumt
730 2292 792 2353 est,
812 2292 848 2344 ut
871 2302 943 2345 rem
968 2280 1141 2365 publicam
1167 2302 1257 2345 con-

197 2381 329 2454 stituas,
354 2400 466 2473 eaque
497 2390 533 2443 tu
564 2377 600 2441 in
632 2378 750 2463 primis
782 2401 917 2444 summa
948 2380 1194 2467 tranquillitate
1220 2392 1259 2446 et

197 2481 265 2544 otio
290 2479 486 2564 perfruere:
518 2491 588 2542 tum
606 2489 650 2553 te,
670 2478 698 2542 si
715 2479 823 2554 voles,
842 2501 920 2543 cum
945 2490 978 2544 et
1001 2480 1131 2564 patriae
1156 2483 1258 2568 quod

197 2581 302 2645 debes
327 2579 482 2653 solveris,
504 2589 537 2642 et
560 2590 717 2642 naturam
742 2579 852 2663 ipsam
877 2580 1074 2664 expleveris
1093 2581 1258 2647 satietate

197 2681 346 2760 vivendi,
363 2679 444 2744 satis
461 2677 518 2743 diu
535 2677 661 2743 vixisse
686 2679 800 2744 dicito.
851 2678 946 2765 Qid
971 2691 1022 2745 est
1046 2681 1138 2745 enim
1160 2680 1259 2768 [orn-

198 2781 296 2868 nino]
322 2782 387 2845 hoc
411 2780 524 2863 ipsum
553 2778 625 2853 diu,
652 2777 688 2841 in
716 2800 783 2864 quo
810 2789 861 2845 est
884 2780 1013 2866 aliquid
1035 2782 1260 2849 extremum?

197 2882 289 2968 quod
314 2902 393 2944 cum
416 2878 520 2950 venit,
539 2878 650 2942 omnis
671 2880 828 2963 voluptas
850 2880 1032 2963 praeterita
1055 2903 1118 2965 pro
1143 2882 1260 2949 nihilo
1346 2950 1347 2971 ,

197 2993 248 3046 est
264 2981 343 3068 quia
361 2990 478 3065 postea
495 2979 590 3042 nulla
607 2989 657 3042 est
673 2978 796 3043 lutura.
848 2978 1069 3067 Quamquam
1086 2980 1151 3046 iste
1172 2992 1260 3048 tuus

198 3082 333 3146 animus
353 3099 541 3165 numquam
565 3078 618 3143 his
643 3079 823 3166 angustiis,
841 3101 927 3166 quas
944 3092 1065 3147 natura
1089 3081 1191 3146 nobis
1209 3082 1261 3148 ad

198 3183 380 3247 vivendum
408 3180 511 3254 dedit,
531 3190 708 3243 contentus
725 3179 806 3243 suit:
833 3201 968 3264 semper
987 3180 1261 3247 immortalitatis

199 3303 315 3347 amore
338 3281 506 3369 flagravit
554 3297 601 3344 28.
624 3278 702 3344 Nec
718 3301 799 3345 vero
816 3280 902 3343 haec
922 3290 980 3343 tua
997 3280 1064 3344 vita
1089 3280 1262 3346 ducenda

199 3392 262 3457 est,
281 3404 368 3468 quae
393 3402 535 3467 corpore
552 3390 585 3445 et
601 3379 719 3465 spiritu
745 3378 945 3443 continetur.
996 3379 1073 3454 Illa,
1092 3378 1259 3466 inquam,

199 3481 257 3544 illa
273 3482 341 3545 vita
359 3493 410 3546 est
424 3493 495 3555 tua,
513 3501 601 3567 quae
617 3479 747 3566 vigebit
764 3479 927 3543 memoria
945 3480 1161 3544 saeculorum
1178 3500 1264 3543 orn-

199 3581 307 3654 nium,
319 3602 421 3666 quam
434 3591 509 3664 post
497 3580 611 3644 teritus
624 3580 692 3643 alet
679 3590 821 3664 t,quam
831 3578 906 3663 ipsa
919 3578 1101 3644 aeternitas
1113 3599 1264 3665 semper

198 3680 305 3744 tuebit
292 3690 357 3743 t.ur
407 3679 500 3744 Huic
520 3689 611 3742 tun
576 3701 586 3741 1
587 3699 759 3791 Q,
775 3677 855 3742 huic
875 3689 906 3742 te
931 3688 1040 3742 ostent
1042 3698 1078 3741 es
1103 3690 1261 3762 oportet,

198 3800 287 3868 quae
312 3778 450 3864 quidem
474 3799 562 3865 quae
587 3766 726 3842 miretur
746 3777 819 3864 jam
835 3760 968 3861 pridem
993 3778 1099 3840 multa
1125 3778 1262 3844 habet:
1346 3782 1347 3855 l

199 3880 410 3943 nuncetiam
426 3897 514 3961 quae
531 3877 647 3941 laudet
635 3888 850 3961 t.exspectat
900 3875 1155 3960 Obstupescent
1174 3898 1265 3962 pos·
1346 3882 1347 3937 l

198 3978 261 4042 teri
293 3989 383 4042 certe
414 3973 570 4062 imperia,
600 3976 806 4060 provincias,
841 3975 1020 4051 Rhenum,
1052 3974 1258 4055 Oceanum,
1346 4008 1347 4043 ς

906 4138 974 4159 ⁵...-
