2572 4442
378 134 401 146 *-
455 112 665 161 »³5¹¹

11 284 127 362 'uzol
156 291 422 382 Spendtlrry'ts,
443 296 609 376 Debtors,
635 297 764 365 Sulla's
791 236 968 367 ideramus.
1020 315 1082 389 105

9 492 15 573 s
69 513 107 558 n.
129 511 173 557 la.
196 492 368 562 Alterum
400 519 511 584 genus
542 509 594 564 est
624 520 744 609 eQLn
770 500 843 587 qui,
872 523 1083 589 quamquam

8 632 12 657 1.
43 607 210 679 premuntur
236 616 327 660 aere
352 598 477 672 alieno,
501 599 770 667 dominationem
795 614 910 665 tamen
940 625 1086 688 exspec-

4 664 13 753 i
39 666 356 786 tantfflpotiri
373 699 503 773 volunt,
522 698 682 774 honores,
700 721 787 786 quos
804 701 919 788 quieta
936 724 973 767 re
997 704 1083 788 pub-

34 793 78 857 lica
89 795 296 880 desperant,
311 798 507 881 perturbata
520 820 557 863 se
571 799 734 886 consequi
747 822 849 885 posse
864 801 1080 867 arbitrantur.

57 894 143 959 u'bus
161 896 233 960 hoc
251 895 375 981 praeci
403 896 542 961 iendum
559 898 704 975 videtur,
718 923 879 965 —unum
897 902 1028 967 scilicet
1051 917 1085 972 et

31 992 99 1057 idem
121 995 219 1099 qud
245 997 375 1083 requur
418 997 695 1105 omnibusf—ut
718 1000 901 1086 desperent
927 1002 963 1067 id
990 1001 1083 1089 quod

29 1104 173 1158 conantur
186 1115 228 1159 se
244 1062 958 1236 cbnseWiQTprimumffime
970 1102 1085 1188 ipsum

29 1191 165 1279 vigilate,
185 1195 337 1271 adesse,
355 1197 537 1281 providere
555 1198 604 1263 rei
624 1200 804 1284 publicae;
837 1202 962 1268 deinde
986 1223 1086 1291 mag·

29 1311 76 1354 nos
97 1293 243 1363 animos
326 1295 405 1360 ein
429 1297 528 1362 bonis
554 1298 647 1374 viris,
673 1321 839 1388 magnam
864 1302 1085 1368 concordiam

4 1408 6 1471 l
30 1388 54 1452 in
68 1393 216 1459 maxima
236 1418 274 1459 m
317 1395 473 1472 titudine,
494 1419 640 1485 magnas
664 1413 841 1485 praeterea
865 1402 983 1488 copias
1008 1402 1085 1467 mil·

4 1476 114 1566 {innn3
144 1494 235 1573 deos
265 1495 418 1583 deniqne
443 1497 644 1565 immortalis
672 1500 753 1565 huic
784 1500 888 1566 inv'ct
941 1503 1083 1587 populo,

4 1550 6 1679 i
32 1589 202 1660 clarissimo
234 1596 400 1681 imperio,
423 1599 675 1683 pulcherrimae
699 1600 788 1677 urbi,
812 1611 931 1666 contra
955 1612 1084 1666 tantam

4 1684 5 1687 ’
31 1683 82 1752 rim
104 1693 251 1760 sceleris
281 1699 471 1782 praesentis
497 1699 663 1763 auxilium
688 1720 764 1764 esse
787 1701 929 1765 laturos.
979 1699 1084 1784 Quod

35 1787 52 1851 si
61 1789 124 1875 jam
139 1794 283 1915 Qd,
301 1798 393 1883 quod
411 1819 488 1862 eum
506 1820 641 1865 summo
658 1798 771 1864 surore
785 1799 939 1963 CQ’
955 1801 1018 1864 ade
1046 1799 1082 1876 ti,

34 1908 96 1953 num
118 1892 167 1957 illi
194 1895 380 1963 incinere
405 1898 498 1963 urbis
523 1908 556 1963 et
579 1898 614 1962 in
639 1899 809 1986 sanguine
834 1890 1084 1987 c1·1umJ''quae

35 2003 126 2067 ruente
151 1998 395 2063 conscelerata
422 2019 462 2063 ac
487 1998 618 2063 nefaria
643 1999 924 2085 concupiverunt,
947 2021 983 2066 se
1003 2021 1085 2065 con·

35 2090 104 2157 sules
127 2115 168 2161 ac
198 2098 390 2164 dictatores
419 2108 478 2163 aut
505 2098 606 2163 etiam
636 2119 750 2186 reges,
766 2109 905 2184 sperant
932 2099 1084 2165 futuros?

36 2184 98 2255 Non
112 2195 233 2264 vident
252 2199 290 2264 id
308 2220 344 2263 se
368 2219 507 2284 cupere,
529 2199 620 2284 quod
645 2199 674 2264 si
699 2199 813 2285 adepti
827 2199 1085 2366 Qsugiffim

36 2288 117 2356 alicui
134 2310 193 2363 aut
211 2299 401 2388 gladiatori
420 2299 563 2363 concedi
562 2297 803 2462 §pecassei

69 2405 110 2454 2⁰·
130 2395 296 2464 Tertium
321 2419 433 2487 genus
457 2408 508 2463 est
532 2408 587 2462 aet
609 2409 641 2463 te
659 2419 732 2487 Jam
753 2398 938 2473 adfectum,
957 2399 1018 2464 sed
1034 2409 1084 2463 ta·

39 2505 98 2555 rnen
126 2500 378 2565 exercitatione
406 2498 603 2571 robustum3
635 2520 703 2585 quo
727 2519 771 2563 ex
795 2519 923 2585 genere
947 2498 1009 2564 iste
1033 2506 1085 2564 est

42 2581 184 2673 Manlius,
200 2600 261 2665 cui
278 2620 370 2664 nunc
384 2597 533 2664 Catilina
551 2598 714 2662 succedit.
765 2596 854 2663 Sunt
870 2598 1026 2664 homines
1039 2619 1084 2663 ex

43 2684 134 2773 daco!
159 2699 231 2765 niis
249 2721 335 2786 quas
358 2698 457 2764 Sulla
480 2697 672 2763 constituit:
705 2718 790 2783 quas
815 2718 881 2785 ego
906 2698 1085 2764 universas

48 2783 142 2859 rivium
167 2819 250 2866 esse
273 2800 478 2884 optimorum
504 2808 537 2861 et
561 2796 819 2861 fortissimorum
839 2798 990 2962 vir-pfpm
1007 2820 1090 2863 sen--

4 2900 6 2963 ss
45 2884 89 2962 ti⁰3
103 2896 162 2962 sed
179 2910 298 2964 tamen
317 2899 347 2964 ei
365 2910 443 2965 sunt
460 2896 586 2972 coloni,
602 2896 659 2983 qui
678 2917 714 2961 se
728 2895 762 2960 in
779 2897 895 2982 insper
919 2912 960 2963 ns
977 2919 1018 2963 ac
1031 2920 1083 2963 re-

4 3010 5 3019 ’
50 2992 166 3063 artinis
183 2999 346 3085 pecuniis·
359 2997 590 3085 sumptuosius
608 2999 682 3062 inso
718 2996 879 3111 ntipsqpe
895 2999 1079 3087 jactarunt.

48 3078 76 3148 Hi
89 3092 166 3161 dum
185 3099 371 3164 aedificant
386 3111 562 3187 tamquam
580 3097 683 3172 beati,
703 3098 784 3163 dum
803 3090 953 3184 praediis
970 3098 1079 3175 lectis,
1146 3178 1154 3189 ‚

46 3178 158 3260 familiis
174 3199 326 3286 magnis,
342 3199 507 3264 conviviis
525 3198 698 3284 apparatis
716 3198 941 3272 delectantur,
956 3196 992 3261 in
1008 3208 1082 3261 tan·

44 3289 96 3350 tum
122 3313 180 3362 aes
210 3299 360 3363 alienum
388 3299 594 3375 inciderunt,
619 3309 667 3373 ut,
694 3298 722 3363 si
751 3297 836 3362 salvi
861 3317 936 3361 esse
960 3296 1079 3389 vel-in),

47 3375 123 3456 Sulla
138 3397 199 3484 Q
224 3397 310 3485 [eis]
339 3399 381 3463 ab
405 3399 522 3464 inseris
547 3399 770 3495 eQ²
803 3396 860 3483 qui
885 3395 987 3461 etia-m
1010 3419 1081 3463 non

47 3485 135 3557 nllos
158 3498 316 3586 agrestis,
341 3499 494 3564 homines
516 3498 628 3563 tenuis
651 3509 751 3584 atque
776 3497 921 3584 egentis,
940 3497 974 3561 in
999 3519 1082 3562 ean·

49 3576 108 3650 dem
123 3592 214 3661 illam
232 3619 328 3682 spem
346 3598 544 3682 rapinarum
559 3596 945 3697 inxmpulerunt.
981 3597 1080 3682 Quos

49 3695 100 3765 ⁶30
119 3706 275 3783 utrosque
299 3697 335 3761 in
359 3699 480 3763 eodem
506 3718 634 3784 genere
664 3686 903 3781 praedatorum
933 3698 1099 3782 direpto-a
1120 3704 1132 3773 '¹

52 3795 170 3875 rumque
190 3819 292 3881 pono.
342 3797 413 3862 Sed
437 3820 495 3883 eos
520 3793 588 3881 hoe
611 3819 753 3861 moneo:
785 3797 944 3864 desinant
967 3798 1079 3861 furere
1131 3789 1134 3795 ’

805 3870 1073 3896 Ν*

4 3904 5 3967 l
51 3894 82 3942 ὅθ
100 3896 353 3983 proscriptiones
372 3908 405 3962 et
420 3897 605 3967 dictaturas
623 3897 786 3984 cogitare.
836 3898 969 3962 Tantus
986 3897 1078 3960 enirn

4 4006 6 4093 p
54 3971 164 4059 illorum
178 4007 369 4085 temporum
386 3997 484 4064 dolor
500 3996 632 4062 inustus
649 4007 700 4062 est
716 3996 854 4073 civitati,
873 4009 909 4061 ut
920 3997 993 4084 jam
1014 3995 1079 4060 ista

4 4106 7 4241 l
