2572 4442
210 297 275 403 156
460 315 608 384 Cicero‘s
630 318 739 385 Exile
761 321 835 386 aad
855 321 1006 388 Return.
1096 321 1224 393 [Sssffllssr

157 576 161 582 .
208 520 390 584 lustrorum
416 540 456 585 ac
473 530 680 612 stuprorum,
697 520 790 598 vino,
808 522 944 611 ganeis,
963 521 1133 590 lenociniis
1151 525 1230 590 adul-

207 619 368 706 teriisque
393 617 608 686 consectum?
632 642 710 685 cum
727 622 756 686 is
777 635 913 707 praeter
929 644 1024 707 spem
1041 623 1075 687 iu
1091 624 1231 689 altissimo

209 721 320 809 gradu
338 720 458 785 alienis
474 721 597 805 opibus
621 721 750 806 positus
766 734 868 797 esset,
887 722 945 809 qui
965 744 1033 787 non
1056 724 1151 789 modo
1165 736 1234 788 tem·

209 831 375 906 pestatem
400 820 654 905 impendentem
679 821 800 885 intueri
824 822 1043 899 temulentus,
1061 824 1118 888 sed
1140 844 1179 887 ne
1194 824 1234 886 lu·

210 943 284 986 cem
301 921 440 1008 quidem
457 920 629 986 insolitam
646 922 801 1006 aspicere
818 921 955 1008 posset?
985 937 1012 985 τ.
1027 922 1122 988 Alter
1131 923 1235 987 multos

208 1023 311 1109 plane
338 1022 373 1086 in
401 1021 513 1087 omnis
539 1020 645 1106 partis
670 1020 800 1086 fefellit.
859 1021 945 1088 Erat
969 1023 1060 1088 enim
1082 1023 1236 1088 hominurn

208 1122 360 1207 opinioni
385 1121 559 1187 nobilitate
589 1122 678 1207 ipsa,
703 1120 833 1187 blanda
859 1123 1138 1199 conciliatricula,
1163 1143 1238 1187 corn·

209 1222 403 1287 mendatus.
452 1221 583 1288 Omnes
599 1222 681 1287 boni
697 1243 835 1307 semper
851 1223 1019 1306 nobilitati
1043 1224 1201 1297 favemus,
1214 1234 1238 1285 et

209 1321 289 1407 quia
306 1322 387 1387 utile
404 1332 455 1388 est
471 1322 519 1387 rei
536 1331 537 1334 ’
544 1323 702 1407 publicae
720 1323 844 1388 nobilis
871 1324 1029 1389 homines
1046 1344 1119 1389 esse
1135 1322 1237 1409 dignos

210 1422 395 1509 majoribus
419 1422 502 1499 suis,
521 1433 554 1488 et
569 1422 650 1508 quia
666 1423 758 1487 valet
774 1424 866 1508 apud
883 1445 945 1489 nos
963 1426 1133 1488 clarorum
1151 1420 1239 1486 horni-

209 1544 292 1585 num
309 1533 342 1587 et
357 1523 445 1587 bene
461 1523 505 1588 de
522 1544 558 1586 re
584 1522 723 1607 publica
746 1522 943 1587 meritorum
969 1522 1133 1589 memoria
1157 1520 1238 1586 etiam

210 1635 434 1688 mortuorum.
492 1621 585 1706 Quia
609 1624 739 1687 tristem
763 1644 913 1708 semper,
939 1623 1021 1710 quia
1044 1623 1238 1693 taciturnum,

210 1723 290 1809 quia
316 1722 558 1788 subhorridum
586 1734 687 1808 atque
718 1722 885 1788 incultum
911 1723 1088 1799 videbant,
1115 1732 1146 1787 et
1167 1719 1239 1807 quod

211 1833 283 1885 erat
299 1843 339 1886 eo
356 1822 507 1896 nomine,
525 1834 561 1886 ut
577 1821 779 1909 ingenerata
803 1822 955 1888 familiae
972 1823 1151 1910 frugalitas
1166 1820 1239 1890 vide·

210 1933 313 2002 retur,
329 1921 503 1995 favebant,
531 1923 741 2008 gaudebant,
769 1934 803 1987 et
830 1923 874 1987 ad
902 1922 1133 2010 integritatem
1155 1919 1240 2007 majo

210 2043 285 2085 rum
303 2042 364 2105 spe
381 2042 443 2085 sua
460 2022 634 2086 hominem
648 2022 830 2098 vocabant,
845 2024 991 2087 materni
1005 2023 1142 2112 generis
1152 2018 1238 2087 obliti.

210 2133 236 2180 8·
260 2120 338 2207 Ego
355 2132 468 2184 autem
479 2158 524 2168 —
536 2141 616 2185 vere
633 2121 761 2198 dicam,
782 2122 917 2210 judices
929 2160 974 2170 —
987 2134 1118 2188 tantum
1135 2141 1202 2186 esse
1215 2117 1241 2180 in

211 2221 349 2285 bomine
378 2220 531 2313 sceleris,
555 2221 736 2297 audaciae,
755 2222 977 2300 crudelitatis,
996 2234 1161 2310 quantum
1185 2220 1242 2303 ipse

211 2343 288 2386 cum
307 2342 342 2384 re
360 2320 497 2405 publica
514 2321 618 2396 sensi,
635 2342 823 2407 numquam
840 2323 968 2407 putavi.
1007 2323 1167 2410 Nequam
1183 2320 1255 2387 esset

210 2421 385 2484 hominem
403 2432 435 2484 et
451 2421 563 2484 levem
579 2431 612 2486 et
631 2420 737 2508 [salsa
753 2422 932 2510 opinione]
953 2444 1070 2488 errore
1087 2425 1242 2488 hommum

210 2521 253 2589 ab
271 2520 504 2585 adulescentia
529 2521 807 2586 commendatum
825 2523 987 2586 sciebam.
1031 2521 1170 2587 ‘Etenim
1186 2516 1242 2582 ani·

209 2642 286 2685 mus
303 2620 375 2708 ejus
389 2621 494 2696 voltu,
508 2621 639 2709 flagitia
657 2615 843 2706 parietibus
855 2624 1062 2709 tegebantur
1072 2646 1081 2696 ;
1099 2622 1157 2688 sed
1173 2621 1243 2682 haec

208 2721 392 2795 obstructio
409 2742 474 2785 nec
498 2722 656 2787 diuturna
673 2731 736 2795 est,
755 2742 867 2807 neque
891 2722 1041 2788 obducta
1061 2724 1106 2788 ita
1123 2732 1157 2786 ut
1172 2716 1243 2785 curi·

208 2822 277 2887 osis
301 2822 409 2887 oculis
433 2821 581 2907 perspici
606 2842 675 2885 non
700 2821 818 2905 possit.

252 2937 280 2983 a.
303 2921 518 2986 Videbamus
542 2942 654 3008 genus
677 2920 780 2996 vitae,
799 2921 981 2996 desidiam,
1007 2920 1183 2986 inertiam:
1204 2916 1243 2980 in·

208 3023 322 3087 clusas
339 3022 411 3109 ejus
428 3021 587 3086 libidines
615 3020 672 3106 qui
690 3021 792 3105 paulo
809 3021 949 3106 propius
966 3032 1182 3087 accesserant
1205 3016 1244 3079 in·

207 3124 409 3187 tuebantur:
435 3120 582 3207 denique
600 3121 702 3184 etiarn
720 3142 895 3186 sermones
912 3142 1014 3187 ansas
1031 3122 1170 3195 dabant,
1185 3114 1244 3204 qui·

207 3223 270 3287 bus
284 3222 475 3287 reconditos
492 3222 566 3310 ejus
583 3242 704 3287 sensus
721 3233 837 3286 tenere
855 3243 1045 3306 possemus.
1078 3218 1246 3287 Laudabat

208 3323 310 3388 homo
338 3325 458 3389 doctus
486 3323 709 3409 philosophos
738 3321 856 3386 nescio
883 3342 981 3408 quos,
1005 3343 1117 3409 neque
1141 3334 1244 3385 eorum

208 3435 322 3487 tamen
339 3425 478 3489 nomina
503 3435 634 3509 poterat
650 3424 785 3489 dicere:
811 3422 872 3488 sed
889 3433 1004 3486 tamen
1021 3443 1080 3488 eos
1096 3418 1245 3486 laudabat

165 3582 170 3591 .
208 3524 358 3588 maxime
377 3525 435 3610 qui
459 3524 618 3593 dicuntur
640 3536 775 3608 praeter
800 3535 930 3588 ceteros
954 3543 1030 3587 esse
1054 3533 1204 3586 auctores
1218 3525 1245 3578 et

207 3625 401 3688 laudatores
426 3623 773 3710 voluptatis—cujus
802 3633 835 3685 et
859 3643 927 3707 quo
955 3633 1106 3706 tempore
1132 3631 1164 3684 et
1187 3634 1246 3701 qt10

207 3724 309 3789 modo
336 3744 403 3787 non
432 3723 637 3809 quaerebat;
661 3722 802 3786 verbum
828 3720 940 3805 ipsum
969 3720 1127 3785 omnibus
1150 3709 1243 3781 animi

207 3837 240 3889 et
265 3824 416 3908 corporis
443 3822 594 3885 sensibus
617 3822 822 3887 devorabat:
852 3821 1060 3907 eosdemque
1080 3817 1243 3907 praeclare

207 3925 321 3990 dicere
347 3923 470 3994 aiebat,
489 3920 651 4003 sapientis
675 3920 791 3984 omnia
815 3941 878 3984 sua
902 3941 1006 3984 causa
1023 3920 1155 3990 facere3
1179 3929 1241 3977 rem

207 4023 380 4108 publicam
400 4039 585 4106 ⁴capessere
609 4018 895 4096 hominembene
920 4039 1041 4109 sanum
1064 4039 1130 4086 non
1154 4030 1241 4101 opor·
