2722 4438
190 258 255 327 240
412 239 482 306 Tte
505 240 676 328 Struggle
699 243 839 328 against
861 240 1014 328 Antony.
1037 241 1138 311 [Pura.
1158 243 1240 297 XIV.

187 439 335 506 bissimis
352 430 534 526 dissipatis.
586 440 674 525 Quis
692 442 829 516 liberos,
844 441 920 526 quis
938 442 1123 529 conjugem
1149 445 1241 530 aspi-

187 558 265 604 cere
290 551 421 623 poterat
437 541 509 604 sine
525 540 628 604 fletu?
652 541 728 625 quis
746 539 908 605 domum?
932 541 1009 626 quis
1025 542 1136 607 tecta?
1163 545 1239 629 quis

186 639 294 703 larem
322 639 547 704 familiarem?
593 637 665 704 Aut
692 640 923 704 foedissimam
949 653 1092 706 mortem
1117 665 1239 709 omnes

187 749 245 802 aut
276 739 503 803 miserabilem
532 740 652 825 fugam
684 739 892 825 cogitabant.
943 739 1043 804 Haec
1068 763 1088 806 a
1114 744 1240 827 quibus

185 837 402 913 timebantur,
421 860 480 903 eos
504 839 610 903 hostis
628 840 803 923 appellare
821 839 1039 905 dubitamus?
1086 841 1239 908 Gravius

185 937 213 1001 si
231 937 306 1022 quis
324 938 470 1002 attulerit
485 960 624 1013 nomen,
644 938 788 1002 libenter
805 938 997 1003 adsentiar:
1024 942 1089 1006 hoc
1102 943 1238 1029 volgari

185 1048 362 1102 contentus
379 1038 437 1103 vix
454 1060 542 1112 sum,
562 1038 689 1102 leviore
706 1059 774 1101 non
792 1048 879 1101 utar.

228 1155 265 1201 11.
300 1137 420 1224 Itaque
455 1158 545 1209 cum,
568 1132 835 1221 supplicationes
871 1138 1078 1226 justissimas
1109 1162 1156 1205 ex
1188 1141 1238 1206 eis

185 1237 302 1301 litteris
327 1257 415 1322 quae
439 1237 601 1301 recitatae
624 1249 702 1301 sunt
726 1238 911 1302 decernere
935 1239 1136 1316 debeamus,
1157 1239 1238 1305 Ser-

184 1336 351 1422 viliusque
368 1336 567 1412 decreverit,
585 1337 719 1423 augebo
732 1337 871 1402 omnino
889 1360 1069 1402 numerum
1087 1339 1235 1415 dierum,

185 1436 384 1521 praesertim
409 1457 487 1500 cum
504 1458 573 1500 non
590 1437 649 1500 uni
666 1438 727 1501 sed
743 1437 850 1502 tribus
867 1438 1011 1502 ducibus
1035 1438 1102 1503 sint
1118 1440 1239 1504 decer-

184 1538 331 1601 nendae.
392 1535 463 1601 Sed
496 1537 562 1601 hoc
593 1537 742 1622 primum
771 1537 912 1612 ¹faciam,
944 1549 982 1601 ut
1012 1538 1237 1623 imperatores

185 1638 356 1721 appellem
372 1657 444 1711 eOS,
456 1658 600 1721 quorum
617 1637 751 1712 virtute,
767 1637 922 1712 consilio,
938 1635 1109 1714 felicitate,
1125 1640 1236 1703 maxi-

185 1737 248 1800 mis
273 1736 432 1821 periculis
449 1736 619 1801 servitutis
644 1748 744 1822 atque
768 1737 920 1802 interitus
945 1737 1077 1801 liberati
1102 1761 1232 1804 sumus.

185 1836 320 1900 Etenim
338 1836 392 1900 cui
409 1836 531 1923 viginti
548 1837 601 1901 his
619 1837 718 1901 annis
735 1837 939 1921 supplicatio
956 1837 1093 1901 decreta
1118 1850 1181 1914 est,
1200 1852 1236 1904 ut

184 1958 252 2000 non
277 1936 461 2020 imperator
486 1939 728 2022 appellaretur,
747 1947 805 1999 aut
829 1935 977 2000 minimis
1001 1937 1103 2002 rebus
1129 1940 1235 2025 gestis

185 2046 243 2098 aut
266 2037 468 2121 plerumque
493 2036 618 2101 nullis?
666 2034 782 2119 Qam
799 2035 842 2099 ob
859 2058 931 2099 rem
950 2047 1007 2100 aut
1031 2039 1235 2122 supplicatio

185 2137 228 2199 ab
245 2157 285 2201 eo
302 2137 359 2221 qui
385 2148 463 2201 ante
480 2137 566 2202 dixit
582 2136 799 2202 decernenda
823 2158 892 2200 non
916 2136 990 2211 fuit,
1010 2149 1067 2201 aut
1091 2138 1235 2204 usitatus

185 2237 293 2301 honos
310 2239 598 2324 pervolgatusque
610 2236 810 2301 tribuendus
827 2235 888 2311 eis,
903 2235 1026 2320 quibus
1040 2236 1143 2301 etiam
1156 2239 1235 2303 novi

184 2337 445 2424 singularesque
470 2338 647 2401 debentur.
696 2355 733 2400 v.
759 2353 801 2399 12.
831 2336 888 2399 An
906 2335 935 2399 si
958 2335 1034 2420 quis
1059 2335 1236 2422 Hispano-

185 2459 259 2500 rum
277 2448 334 2501 aut
353 2436 532 2501 Gallorum
555 2446 612 2499 aut
638 2435 814 2500 Threcum
839 2435 932 2498 mille
961 2445 1018 2498 aut
1045 2435 1114 2499 duo
1139 2437 1234 2502 milia

184 2537 375 2614 occidisset,
400 2560 478 2602 eum
507 2538 573 2602 hac
598 2537 843 2601 consuetudine
867 2555 955 2619 quae
980 2525 1149 2600 increbuit
1172 2536 1236 2600 irn-

183 2650 374 2722 peratorem
399 2640 587 2723 appellaret
614 2647 773 2701 senatus:
808 2646 854 2700 tot
885 2634 1078 2721 legionibus
1107 2638 1232 2712 caesis,

183 2748 275 2802 tanta
289 2738 502 2803 multitudine
514 2737 660 2802 hostium
672 2736 848 2800 interfecta
858 2771 903 2782 -
913 2733 1059 2798 hostium
1071 2735 1172 2800 dico?
1189 2738 1234 2800 ita

183 2836 337 2924 inquam,
364 2839 524 2912 hostium,
550 2836 708 2923 quamvis
740 2838 805 2901 hoc
829 2834 883 2900 isti
914 2835 1028 2898 hostes
1055 2834 1234 2901 domestici

157 2958 159 2961 ’
183 2939 350 3002 nolint—
366 2938 563 3003 clarissimis
587 2937 731 3002 ducibus
756 2934 1041 3021 supplicationum
1067 2935 1233 3001 honorem

182 3039 382 3112 tribuemus,
400 3038 655 3122 imperatorium
680 3058 807 3102 nomen
831 3033 1044 3100 adimemus?
1092 3032 1234 3120 Quanto

183 3138 274 3200 enim
306 3139 448 3212 honore,
476 3138 615 3212 laetitia,
642 3136 870 3223 gratulatione
902 3134 937 3198 in
970 3134 1035 3197 hoc
1065 3137 1235 3220 templum

183 3236 317 3323 ingredi
345 3238 544 3302 debent'illi
571 3237 636 3322 ipsi
663 3238 763 3324 hujus
795 3236 889 3300 urbis
917 3234 1128 3310 liberatores,
1154 3257 1233 3301 cum

183 3335 340 3401 hesterno
358 3339 412 3402 die
435 3349 571 3422 propter
587 3358 705 3401 eorum
723 3358 777 3401 res
795 3346 911 3422 gestas
936 3353 990 3396 me
1015 3344 1177 3399 ovantem
1202 3348 1235 3400 et

182 3456 288 3520 prope
309 3422 575 3521 triumphantem
593 3437 739 3521 populus
757 3436 937 3499 Romanus
962 3432 997 3496 in
1021 3430 1234 3517 Capitolium

183 3535 284 3599 domo
315 3536 439 3610 tulerit,
473 3538 612 3601 domum
644 3535 725 3599 inde
757 3533 952 3599 reduxerit?
998 3549 1039 3596 13.
1074 3533 1108 3598 Is
1141 3536 1233 3598 enim

182 3636 321 3699 demum
342 3645 392 3698 est
412 3635 506 3715 (mea
531 3636 669 3720 quidem
694 3635 879 3720 sententia)
903 3635 1015 3721 justus
1040 3635 1235 3720 triumphus

183 3756 224 3798 ac
239 3755 354 3809 verus,
373 3755 450 3797 cum
467 3736 553 3799 bene
571 3735 613 3798 de
631 3755 667 3798 re
684 3734 823 3819 publica
848 3734 977 3800 meritis
1002 3735 1234 3800 testimonium

183 3851 214 3896 a¹
234 3854 403 3898 consensu
435 3833 579 3897 civitatis
607 3834 717 3897 datur.
767 3832 861 3897 Nam
889 3834 961 3898 sive
989 3836 1024 3919 in
1057 3836 1233 3899 communi

183 3933 310 4018 gaudio
337 3931 454 4016 populi
487 3931 638 3995 Romani
669 3932 728 3995 uni
761 3933 1032 4019 gratulabantur,
1064 3957 1233 4022 magnum
