2760 4448
173 280 215 325 10
495 260 653 346 Drffence
676 261 724 346 os
736 258 895 324 Roscius
1032 252 1138 322 [Rosc.
1159 253 1222 306 ΑΜ.

172 482 304 537 amens,
322 460 381 547 qui
405 460 532 526 odisset
552 482 631 524 eum
654 459 727 524 sine
752 478 858 523 causa
882 477 984 541 quem
1009 464 1219 540 procrearat.

170 561 218 626 At
245 563 272 626 is
304 561 443 648 quidem
475 560 539 623 suit
568 559 721 624 omniurn
754 555 1059 621 constantissimus.
1109 553 1222 654 ¹Ergo

171 662 254 727 illud
279 662 352 749 jam
381 659 600 746 perspicuum
633 657 783 743 profecto
813 667 876 725 est,
903 654 931 719 si
960 676 1071 739 neque
1100 675 1223 717 amens

171 772 267 849 pater
289 782 401 847 neque
425 757 578 845 perditus
601 758 691 821 lilius
716 755 827 831 suerit,
855 773 967 840 neque
995 753 1051 818 odi
1079 773 1224 817 causam

173 861 257 949 patri
282 882 393 946 neque
418 858 557 925 sceleris
583 856 652 920 filio
676 855 819 928 fuisse..

216 981 304 1026 xxn.
324 976 372 1023 24.
395 963 449 1028 De
465 956 648 1045 parricidio
667 975 771 1020 causa
788 954 931 1020 dicitur:
957 953 1042 1020 ratio
1059 955 1102 1025 ab
1119 975 1225 1018 accu-

173 1072 282 1125 satore
306 1061 438 1126 reddita
459 1080 531 1124 non
556 1070 617 1132 est,
633 1077 742 1143 quam
762 1057 806 1120 ob
823 1075 964 1120 causam
982 1067 1113 1140 patrem
1130 1054 1223 1119 filius

172 1159 344 1224 occiderit.
385 1159 489 1246 Quod
507 1159 541 1222 in
559 1157 709 1222 minimis
726 1155 851 1231 noxiis,
867 1167 901 1220 et
916 1156 950 1219 in
968 1157 1021 1220 his
1037 1154 1224 1220 levioribus

175 1259 322 1346 peccatis
349 1279 438 1344 quae
466 1259 578 1346 magis
607 1260 727 1323 crebra
756 1268 789 1322 et
812 1257 886 1344 jam
913 1277 1020 1342 prope
1048 1255 1223 1321 cotidiana

84 1382 87 1385 ·
173 1370 261 1433 sunt,
296 1358 447 1423 maxime
484 1369 517 1422 et
552 1359 700 1442 primum
737 1357 1083 1444 quaeritur‚-quae
1115 1375 1224 1421 causa

173 1458 319 1522 malefici
344 1458 455 1533 suerit,
468 1458 558 1522 -id
581 1457 728 1522 Erucius
753 1456 788 1522 in
809 1456 993 1543 parricidio
1013 1456 1130 1542 quaeri
1151 1478 1223 1520 non

173 1568 267 1643 putat
293 1568 460 1642 oportere.
519 1556 560 1621 ln
585 1553 653 1643 quo
676 1558 819 1632 scelere,
843 1557 991 1646 judices,
1014 1557 1116 1621 etiam
1141 1577 1224 1620 cum

172 1659 298 1723 multae
317 1678 442 1722 causae
460 1658 662 1723 convenisse
681 1680 790 1722 unum
814 1657 850 1721 in
875 1658 989 1722 locum
1016 1668 1118 1742 atque
1134 1657 1224 1720 inter

172 1778 207 1821 se
232 1778 423 1844 congruere
451 1757 621 1833 videntur,
647 1768 764 1822 tamen
796 1779 865 1822 non
897 1768 1024 1822 temere
1058 1756 1220 1832 creditur,

172 1877 283 1941 neque
310 1857 377 1921 levi
406 1858 603 1945 conjectura
630 1879 684 1922 res
713 1856 883 1942 penditur,
910 1877 1021 1942 neque
1049 1856 1142 1921 testis
1170 1856 1223 1920 in-

172 1968 282 2020 certus
296 1957 442 2031 auditur,
459 1978 571 2042 neque
585 1957 793 2022 accusatoris
806 1956 945 2043 ingenio
958 1950 1013 2021 res
1026 1957 1201 2044 judicatur
1213 1980 1222 2019 z
1304 2014 1310 2018 .

172 2076 249 2118 cum
266 2057 372 2120 multa
390 2067 490 2121 antea
504 2057 688 2121 commissa
702 2057 884 2133 maleficia,
900 2078 979 2120 curn
991 2057 1059 2121 vita
1073 2056 1222 2121 hominis

171 2155 412 2239 perditissima,
427 2167 497 2220 tum
513 2155 698 2242 singularis
712 2156 858 2221 audacia
870 2157 1067 2238 ostendatur
1079 2177 1223 2221 necesse

171 2265 234 2329 est,
260 2275 371 2340 neque
400 2255 546 2319 audacia
575 2257 699 2332 solum,
726 2257 787 2321 sed
816 2278 971 2321 summus
999 2256 1092 2322 furor
1119 2266 1223 2342 atque

172 2354 332 2417 amentia.
394 2371 440 2417 aa
466 2355 565 2419 Haec
593 2375 672 2419 cum
697 2355 764 2421 sint
787 2356 915 2431 omnia,
940 2365 1057 2420 tamen
1088 2367 1223 2421 exstent

171 2463 303 2537 oportet
325 2474 489 2538 expressa
514 2455 653 2519 sceleris
677 2455 971 2543 vestigia‚-ubi‚
990 2477 1058 2542 qua
1074 2455 1220 2532 ratione,

171 2573 232 2636 per
244 2574 341 2638 quos,
361 2574 428 2638 quo
445 2563 597 2638 ternpore
615 2555 824 2619 maleficium
841 2556 884 2621 sit
900 2556 1109 2630 admissum3
1132 2576 1223 2641 quae

170 2651 235 2717 nisi
254 2653 359 2716 multa
376 2663 409 2717 et
426 2654 606 2718 manifesta
623 2665 712 2733 sunt,
730 2654 881 2740 profecto
898 2678 952 2721 res
969 2666 1037 2720 tam
1062 2657 1220 2732 scelesta,

169 2762 240 2816 tarn
260 2764 369 2827 atrox,
389 2764 458 2817 tam
479 2753 611 2819 nefaria
631 2755 724 2820 credi
748 2777 816 2822 non
841 2766 962 2842 potest.
1011 2755 1146 2843 Magna
1171 2766 1223 2822 est

159 2852 262 2916 enim
286 2852 337 2917 vis
362 2853 603 2929 humanitatis3
637 2857 782 2921 multum
806 2859 899 2921 valet
922 2855 1117 2921 communio
1141 2877 1223 2920 san-

172 2952 286 3038 guinis
299 2973 307 3026 3
325 2953 514 3018 reclamitat
523 2954 619 3020 istius
632 2956 724 3020 modi
737 2957 981 3042 suspitionibus
992 2956 1066 3042 ipsa
1077 2967 1198 3021 natura
1210 2980 1219 3031 3

170 3062 363 3136 portentum
388 3064 488 3138 atque
514 3066 703 3119 monstrum
729 3057 954 3122 certissimum
979 3070 1041 3133 est,
1060 3079 1136 3123 esse
1158 3058 1221 3121 ali-

170 3172 272 3237 quem
291 3151 442 3216 humana
460 3153 574 3237 specie
592 3166 624 3219 et
641 3155 767 3242 figura,
786 3158 844 3243 qui
861 3170 991 3223 tantum
1008 3157 1220 3223 immanitate

80 3319 82 3325 ,
170 3250 296 3315 bestias
326 3251 458 3329 vicerit,
488 3263 525 3317 ut
560 3267 698 3340 propter
732 3279 819 3343 quos
854 3259 946 3324 hauc
979 3258 1219 3324 suavissimam

170 3349 284 3414 lucem
308 3352 491 3435 aspexerit,
516 3375 574 3421 eos
599 3355 838 3444 indignissime
864 3359 940 3424 luce
966 3359 1118 3444 privarit,
1140 3379 1219 3422 curn

170 3448 272 3513 etiam
298 3449 387 3514 seras
413 3451 500 3517 inter
524 3477 600 3521 sese
625 3467 742 3542 partus
760 3471 860 3544 atque
878 3458 1033 3524 educatio
1050 3470 1082 3523 et
1098 3470 1220 3522 natura

113 3562 117 3568 ·
169 3548 245 3633 ipsa
269 3549 438 3616 conciliet.

87 3641 90 3648 ’
214 3667 315 3712 xxr11.
340 3640 388 3713 aa
422 3651 503 3718 Non
540 3654 585 3718 ita
621 3657 734 3723 multis
770 3669 848 3722 ante
885 3658 997 3732 annis,
1037 3657 1131 3721 aiunt
1171 3654 1217 3718 T.

169 3742 328 3813 Caelium
352 3753 525 3837 quendam
548 3754 850 3832 Tarracinensem,
873 3757 1046 3821 hominem
1070 3778 1138 3821 non
1160 3755 1221 3821 ob-

169 3869 321 3925 scurum,
342 3873 420 3915 cum
438 3863 579 3917 cenatus
600 3856 750 3919 cubitum
775 3856 810 3921 in
834 3856 926 3921 idem
951 3857 1115 3922 conclave
1139 3875 1220 3919 cum

170 3950 303 4016 duobus
328 3952 604 4018 adulescentibus
627 3955 705 4020 liliis
722 3955 815 4031 isset,
834 3955 1007 4020 inventum
1025 3975 1099 4021 esse
1118 3972 1220 4018 mane
