2572 4442
284 2 569 237 &iiim
721 92 762 173 1'.
797 70 908 145 t

42 288 148 358 avua]
201 287 274 353 His
301 287 449 378 Justice,
474 288 714 366 Moderatz'om
744 289 905 377 Dae‘gm'ty.
1023 303 1078 381 ι73

39 491 186 555 Romano
203 509 309 575 quam
328 488 498 574 imperare
518 488 594 555 aliis
614 489 788 555 maluisse.
833 490 912 577 Jam
934 511 1017 555 vero
1033 489 1079 555 ita

38 590 143 654 faciles
172 588 284 653 aditus
313 588 358 653 ad
385 609 464 652 eum
492 589 715 672 privatorum,
742 589 786 654 ita
812 591 940 655 liberae
967 589 1080 677 queri-

38 689 160 753 moniae
189 689 234 753 de
263 688 407 752 aliorum
436 687 569 773 injuriis
597 710 673 754 esse
701 689 872 764 dicuntur,
897 701 933 777 ut
956 690 997 765 is,
1021 688 1078 776 qui

38 788 190 875 dignitate
207 786 421 874 principibus
439 788 587 862 excellit,
604 788 764 853 facilitate
781 789 907 872 intimis
924 811 987 875 par
1003 811 1079 854 esse

36 889 190 952 videatur.
242 904 289 951 42.
309 887 388 974 Jam
406 898 572 972 quantum
589 888 745 964 consili0,
759 862 932 975 qffirt'fiin'
942 886 1079 953 dicendi

38 988 191 1074 gravitate
211 972 246 1052 et
266 987 365 1072 copia
385 986 511 1061 valeat,
522 987 612 1050 -in
629 1009 697 1073 quo
713 986 788 1073 ipso
804 988 893 1052 inest
908 989 1079 1075 quaedam

37 1088 171 1174 dignitas
189 1087 424 1173 imperatoria,
436 1108 565 1162 —vos,
585 1084 751 1171 Quirites,
770 1089 836 1153 hoc
852 1088 926 1174 ipso
943 1110 987 1153 ex
1003 1089 1079 1153 loco

38 1206 124 1271 saepo
135 1187 360 1275 cognovistis.
387 1185 509 1251 Fidem
520 1207 602 1250 vero
613 1186 687 1274 ejus
697 1198 860 1274 quantam
872 1187 958 1252 inter
969 1187 1079 1254 socios

37 1287 211 1351 existimari
236 1287 375 1371 putatis,
396 1307 501 1373 quam
527 1286 641 1351 hostes
661 1307 781 1352 omnes
800 1287 954 1352 omnium
973 1308 1079 1375 gene-

38 1408 98 1449 rum
118 1386 373 1452 sanctissimam
393 1384 599 1474 judicarint?
646 1384 869 1450 Humanitate
889 1385 962 1473 jam
986 1397 1080 1451 tanta

38 1498 87 1561 est,
107 1499 143 1551 ut
165 1487 307 1553 difficile
328 1488 421 1572 Q
443 1486 486 1551 sit
508 1495 620 1550 utrum
646 1486 761 1551 hostes
785 1485 897 1572 magis
921 1486 1079 1550 virtutem

38 1587 97 1673 ejus
120 1599 319 1674 pugnantes
333 1578 525 1691 ffnw'jerint,
545 1607 588 1649 an
614 1586 913 1651 mansuetudinem
933 1583 1012 1648 victi
1029 1585 1081 1650 di·

36 1685 180 1771 Qistt·
227 1686 273 1750 Et
289 1608 470 1772 qdidquam
488 1685 654 1750 dubitabit
670 1685 752 1778 omn
770 1684 850 1771 truie
866 1684 932 1748 hoc
948 1694 1079 1748 tantum

36 1773 464 1867 beiiu‘mtransmmittendu
479 1786 531 1860 sit,
544 1785 603 1871 qui
617 1785 660 1851 ad
673 1776 938 1850 o'rrinia'nostrae
952 1805 1080 1849 memo·

35 1885 95 1949 riae
119 1869 409 1952 bellffii'fi'ci'en
436 1906 456 1949 a
484 1884 601 1950 divino
629 1885 779 1971 quodam
808 1883 951 1950 consilio
979 1895 1079 1950 natus

35 2005 100 2051 esse
122 1985 316 2080 videatur}
506 2002 637 2151 mid-”r
696 2030 741 2067 ω

73 2105 131 2149 xv.
157 2104 204 2181 ‘¹³3
229 2084 276 2151 Et
309 2084 472 2172 quoniam
514 2106 557 2151 au
594 2083 697 2150 oritas
732 2105 868 2173 quoque
902 2083 937 2150 in
979 2084 1079 2151 bellis

18 2185 306 2251 administrandis
325 2187 466 2250 multum
486 2196 586 2271 atque
602 2187 637 2248 in
655 2184 798 2270 imperio
817 2184 953 2250 militari
973 2185 1077 2259 valet,

33 2297 116 2349 certe
132 2286 262 2350 nemini
280 2285 423 2351 dubium
441 2295 492 2348 est
507 2284 588 2370 quin
607 2304 648 2348 ea
665 2305 702 2348 re
719 2283 810 2349 idem
825 2284 882 2348 ille
896 2284 1080 2369 imperator

29 2385 209 2467 plurimum
239 2384 357 2471 possit.
386 2354 652 2448 silenementer
684 2396 797 2448 autem
832 2385 1004 2470 pertinere
1036 2383 1080 2448 ad

18 2508 19 2515 ¹
55 2483 116 2548 ella
133 2485 406 2551 administranda
422 2483 505 2570 quid
522 2484 649 2558 hostes
668 2483 751 2571 quid
768 2484 850 2549 socii
869 2485 911 2549 de
931 2483 1080 2569 impera·

45 2583 153 2650 oribus
176 2585 302 2651 nostris
326 2583 521 2648 existiment
544 2584 620 2669 quis
645 2583 795 2671 ignorat,
823 2605 900 2648 cum
930 2583 1080 2648 sciamus

35 2680 180 2751 homines
198 2687 233 2749 in
251 2684 352 2748 tantis
369 2682 483 2758 rebus,
497 2696 534 2747 ut
548 2695 605 2747 aut
617 2695 838 2748 contemnant
855 2693 913 2748 aut
928 2693 1080 2746 metuant

38 2792 87 2845 aut
108 2785 242 2849 oderint
266 2795 323 2849 aut
347 2792 475 2856 ament,
502 2782 664 2866 opinione
689 2804 757 2845 non
781 2782 895 2847 minus
924 2791 957 2847 et
985 2782 1080 2845 fama

37 2901 129 2965 quam
155 2885 272 2971 aliqua
297 2884 427 2949 ratione
452 2893 545 2947 certa
569 2879 832 2994 commoverijs
847 2879 954 2965 Quod
978 2880 1081 2967 igitur

38 3000 152 3048 nomen
171 3005 339 3070 umquam
362 2983 397 3047 in
421 2984 503 3048 orbe
527 2993 695 3048 terrarum
719 2981 845 3046 clarius
869 2978 952 3044 suit?
983 2980 1081 3067 cujus

39 3099 85 3145 res
101 3097 217 3168 gestae
236 3082 359 3168 pares?
383 3084 426 3148 de
442 3104 510 3169 quo
528 3082 666 3148 homine
679 3103 753 3156 vos,
766 3081 853 3146 -id
867 3081 957 3167 quod
973 3079 1080 3142 maxi·

42 3199 87 3244 me
102 3183 181 3249 facit
198 3183 446 3261 auctoritatem,
457 3220 503 3232 -
514 3194 607 3273 tanta
624 3192 657 3276 et
672 3193 742 3247 tam
759 3183 938 3267 praeclara
951 3179 1081 3269 judicia

43 3276 177 3349 fecistis?
223 3300 271 3347 44.
294 3282 352 3347 An
380 3304 462 3348 vero
490 3284 596 3347 ullam
621 3303 766 3368 usquam
791 3303 866 3366 esse
891 3302 986 3345 oram
1011 3291 1080 3344 tam

42 3376 199 3448 desertam
218 3382 354 3473 putatis,
373 3403 442 3469 quo
462 3404 531 3446 non
555 3381 646 3446 illius
671 3381 737 3447 diei
762 3380 856 3444 fama
880 3380 1079 3465 pervaserit,

42 3494 111 3543 cum
129 3483 308 3548 universus
326 3482 473 3568 populus
490 3481 684 3556 Romanus,
702 3480 825 3545 referto
842 3480 915 3545 soro
932 3481 1082 3565 comple·
1182 3556 1184 3561 s

44 3575 141 3664 tisque
164 3583 323 3648 omnibus
346 3581 483 3666 templis
506 3603 551 3645 ex
574 3580 697 3667 quibus
721 3579 778 3644 hic
806 3580 901 3644 iocus
929 3577 1081 3662 conspici

43 3688 153 3759 potest,
165 3706 271 3748 unum
289 3682 353 3748 sibi
368 3681 412 3746 ad
426 3701 606 3745 commune
619 3681 771 3745 omnium
786 3679 938 3766 gentium
952 3679 1081 3742 bellum

18 3788 22 3867 J
45 3771 104 3839 Cn.
119 3778 318 3869 Pompeium
336 3781 575 3866 imperatorem
594 3778 815 3864 depoposcit?
862 3777 1082 3862 Itaque-ut
1173 3782 1177 3785 ’

45 3874 133 3955 plura
152 3904 218 3947 non
239 3882 366 3954 dicam,
386 3900 497 3965 neque
522 3878 665 3942 aliorum
690 3876 858 3962 exemplis
882 3877 1081 3940 confirmem

48 3989 196 4055 quantum
212 3976 351 4077 Q
365 3977 547 4042 auctoritas
563 3978 676 4041 valeat
691 3976 727 4040 in
743 3977 889 4075 bello-
899 3974 942 4037 ab
959 3972 1081 4036 eodem

1089 1736 1255 1829 guo-wi
