2760 4448
145 235 186 301 14
462 215 619 302 Defence,
643 217 691 303 of
704 217 862 282 Roscius.
999 213 1106 285 [RosC.
1127 216 1194 269 Au:

141 414 270 479 familia
283 413 367 480 Sex.
382 414 510 481 Roscio
523 416 661 481 relictus
674 439 742 481 non
760 426 820 481 est.
856 417 910 482 Te
927 437 1019 482 nunc
1036 417 1187 503 appello,

141 514 181 578 P.
201 514 330 600 Scipio,
349 528 394 589 te,
413 515 567 579 Metelle.
616 516 724 581 Vobis
749 517 935 592 advocatis,
959 517 1056 581 vobis
1082 539 1190 605 agen·

140 615 241 689 tibus,
261 615 463 701 aliquotiens
486 616 571 680 duos
589 637 705 681 servos
723 627 882 700 paternos
900 617 935 680 in
951 618 1188 701 quaestionem

140 714 183 777 ab
202 714 405 778 adversariis
422 713 505 778 Sex.
526 714 675 780 Roscius
692 716 885 804 postulavit.
935 715 1188 781 Meministisne

139 813 184 877 T.
213 813 381 878 Roscium
413 813 594 878 recusare?
658 813 776 899 Qid?
815 815 846 879 ei
879 815 967 879 servi
999 814 1057 879 ubi
1089 815 1189 880 sunt?

141 911 422 1001 Chrysogonum,
439 914 588 1000 judices
613 925 805 979 sectantur:
835 915 927 998 apud
947 935 1025 978 eum
1051 926 1130 979 sunt
1152 915 1188 980 in

140 1014 269 1079 honore
286 1026 319 1079 et
335 1014 454 1099 pretio.
504 1014 617 1079 Etiam
635 1035 727 1078 nunc
743 1024 780 1079 ut
796 1036 839 1080 ex
856 1015 905 1079 eis
922 1012 1105 1100 quaeratur
1121 1036 1188 1102 ego

139 1116 286 1199 postulo,
313 1116 370 1181 hic
393 1126 467 1181 orat
490 1127 591 1203 atque
615 1116 784 1181 obsecrat.
845 1112 940 1198 Qid
964 1113 1096 1178 facitis?
1128 1135 1189 1178 cur

139 1214 326 1281 recusatis?
373 1215 535 1282 Dubitate
560 1216 662 1282 etiam
687 1237 792 1291 nunc,
810 1215 956 1303 judices,
980 1213 1008 1278 si
1033 1213 1186 1299 potestis,

139 1335 244 1402 aquo
262 1318 304 1381 sit
320 1316 404 1396 Sex.
420 1317 570 1383 Roscius
588 1311 735 1392 occisus,
746 1353 791 1364 —
802 1316 844 1379 ab
862 1335 960 1390 eone,
976 1313 1034 1400 qui
1050 1324 1190 1399 propter

107 1488 110 1493 ,
138 1415 230 1481 illius
248 1427 390 1482 mortem
407 1417 612 1506 inegestate
629 1418 713 1482 etin
731 1415 862 1482 insidiis
879 1425 1046 1489 versatur,
1065 1415 1120 1479 cui
1144 1436 1189 1480 ne

139 1517 327 1600 quaerendi
344 1518 483 1603 quidem
500 1519 543 1583 de
561 1529 667 1583 morte
685 1517 789 1603 patris
806 1524 954 1602 potestas
971 1513 1187 1599 permittitur,

140 1636 184 1679 an
209 1617 252 1681 ab
277 1616 326 1681 eis
350 1618 408 1702 qui
432 1618 665 1704 quaestionem
694 1617 855 1704 fugitant,
879 1616 970 1681 bona
998 1614 1187 1707 possident,

139 1715 174 1779 in
199 1718 305 1781 caede
330 1728 430 1803 atque
454 1739 498 1782 ex
522 1719 629 1783 caede
653 1712 783 1781 vivunt.

105 1895 108 1899 y
184 1837 288 1880 xum.
313 1833 360 1880 ss.
383 1817 496 1883 Venio
540 1839 631 1882 nunc
673 1819 717 1882 ad
756 1815 841 1881 illud
880 1837 1005 1881 nomen
1045 1837 1189 1881 aureum

144 1915 418 2005 [Chrysogoni]‚
438 1919 500 1982 sub
517 1940 584 2003 quo
601 1917 739 1982 nomine
757 1927 825 1981 tota
842 1916 986 1981 societas
1004 1916 1120 1981 latuit:
1145 1917 1189 1980 de

140 2038 220 2101 quo,
234 2017 381 2105 judices,
401 2039 511 2103 neque
533 2040 601 2103 quo
625 2017 726 2103 modo
743 2016 855 2081 dicam
873 2037 985 2102 neque
1001 2038 1069 2102 quo
1087 2017 1189 2081 modo

139 2108 273 2179 taceam
286 2117 434 2200 reperire
448 2139 599 2201 possum.
642 2116 680 2181 si
695 2117 786 2187 enim
803 2127 912 2191 taceo,
927 2116 982 2180 vel
1000 2116 1187 2180 maximam

140 2226 271 2299 partem
295 2211 470 2300 relinquo}
503 2215 555 2280 sin
581 2226 694 2279 autem
719 2216 807 2290 dico,
826 2237 947 2280 vereor
970 2237 1014 2280 ne
1039 2237 1107 2280 non
1131 2215 1189 2280 ille

141 2315 245 2387 solus,
261 2313 295 2378 id
311 2315 403 2399 quod
421 2315 465 2378 ad
482 2336 536 2378 me
556 2314 640 2378 nihil
659 2314 789 2390 attinet,
808 2315 868 2379 sed
887 2314 943 2379 alii
961 2337 1097 2401 quoque
1114 2316 1190 2400 plu-

140 2434 195 2477 res
212 2413 323 2477 laesos
341 2435 377 2477 se
395 2433 469 2477 esse
487 2424 615 2498 putent.
664 2413 819 2478 Tametsi
836 2414 882 2477 ita
899 2436 936 2478 se
953 2436 1006 2479 res
1024 2415 1138 2490 habet,
1153 2425 1191 2480 ut
1291 2420 1307 2485 j

141 2512 225 2576 mihi
248 2512 283 2575 in
308 2533 525 2577 communem
546 2535 688 2577 causam
710 2526 878 2578 sectorum
899 2514 1081 2579 dicendum
1103 2515 1189 2579 nihil

141 2632 269 2699 magno
285 2633 389 2696 opere
404 2612 578 2688 videatur3
604 2614 691 2676 haec
704 2612 796 2676 enirn
808 2632 913 2677 causa
930 2634 1019 2683 nova
1036 2615 1188 2700 profecto

141 2723 174 2777 et
190 2711 375 2799 singularis
392 2721 453 2776 est.
1100 2712 1103 2727 '

185 2827 231 2874 37.
255 2810 429 2877 Bonorum
452 2810 536 2876 Sex.
562 2810 669 2876 Rosci
695 2822 826 2896 emptor
850 2822 901 2877 est
925 2811 1186 2901 Chrysogonus.

141 2910 293 2975 Primum
313 2911 378 2975 hoc
389 2910 590 2975 videamus:
614 2911 686 2997 ejus
704 2910 851 2976 hominis
868 2912 958 2976 bona
975 2934 1043 2997 qua
1061 2914 1189 2979 ratione

141 3011 331 3086 venierunt,
348 3022 406 3074 aut
421 3033 487 3096 quo
505 3011 606 3074 modo
622 3011 739 3075 venire
762 3010 965 3096 potuerunt?
992 3011 1107 3100 Atque
1124 3015 1190 3081 hoc

142 3133 211 3176 non
227 3110 274 3174 ita
290 3131 467 3196 quaeram,
481 3109 629 3197 judices,
647 3120 684 3173 ut
699 3108 734 3174 id
759 3110 872 3175 dicam
895 3132 971 3176 esse
992 3112 1188 3202 indignum,

142 3210 290 3275 hominis
315 3209 504 3274 innocentis
528 3209 618 3273 bona
642 3209 799 3284 venisse3
833 3210 861 3274 si
882 3212 974 3277 enim
991 3214 1079 3279 haec
1095 3216 1191 3279 audi-

143 3321 240 3375 entur
253 3331 294 3374 ac
310 3310 417 3374 libere
430 3309 598 3386 dicentur,
612 3331 681 3373 non
699 3309 760 3374 fuit
776 3321 888 3376 tantus
906 3312 1009 3379 homo
1023 3313 1105 3378 Sex.
1119 3314 1192 3379 Ro-

143 3411 234 3476 scius
258 3410 292 3474 in
317 3409 464 3485 civitate,
485 3420 522 3475 ut
546 3410 589 3474 de
613 3430 655 3474 eo
684 3409 897 3495 potissimum
926 3432 1188 3500 conqueramur.

142 3511 274 3576 Verum
289 3509 390 3598 [ego]
408 3511 474 3575 hoc
486 3531 634 3596 quaero:
656 3510 714 3597 qui
732 3522 914 3596 potuerunt
930 3512 993 3577 ista
1006 3514 1081 3600 ipsa
1097 3515 1189 3601 lege,

144 3632 232 3699 quae
249 3611 292 3676 de
308 3610 553 3696 proscriptione
571 3620 631 3686 est,
643 3610 768 3684 -sive
781 3609 922 3676 Valeria
940 3621 1003 3688 est,
1019 3613 1090 3678 sive
1107 3613 1192 3678 Cor·

144 3713 248 3786 nelia,
271 3733 340 3775 non
364 3711 455 3775 enim
477 3709 557 3775 novi
574 3730 639 3776 nec
655 3710 739 3787 scio,
751 3732 924 3777 —verum
941 3710 1004 3775 ista
1022 3713 1096 3796 ipsa
1113 3713 1192 3799 lege

144 3814 234 3877 bona
266 3808 350 3874 Sex.
384 3808 491 3873 Rosci
523 3809 639 3874 venire
667 3807 727 3893 qui
748 3809 965 3901 potuerunt?
1018 3811 1191 3896 Scriptum

146 3912 237 3977 enim
253 3912 298 3976 ita
314 3910 430 3975 dicunt
445 3929 533 3985 esse,
553 3917 591 3974 ut
610 3897 727 3975 eorum
750 3911 837 3975 bona
855 3919 1017 3986 veneant,
1035 3912 1192 3997 qur'pro-
