2760 4448
212 289 257 358 40
492 270 751 358 hripeaclement
774 271 821 356 of
844 269 979 334 Verres.
1085 274 1089 283 ’
1114 266 1226 336 [Vm.
1242 266 1262 317 I·

212 472 282 536 lere
305 470 437 543 velle3’
465 479 536 533 tum
561 492 643 536 vero
667 492 735 535 non
760 469 914 554 strepitu,
936 467 997 534 sed
1021 467 1173 532 maximo
1195 468 1263 531 cla-

212 592 319 646 more,
339 591 437 635 suam
455 571 602 655 populus
619 570 801 634 Romanus
819 569 1025 655 significavit
1041 568 1260 631 voluntatem.

256 691 332 735 xvi.
359 687 406 733 46.
430 669 535 732 Nunc
559 681 673 732 autem
692 670 849 732 homines
866 669 899 730 in
918 667 1066 752 speculis
1084 678 1181 731 suut:
1206 667 1264 731 ob·

213 783 348 835 servant
369 792 471 856 quem
497 769 540 832 ad
566 769 705 832 modum
731 789 806 832 sese
832 768 1087 853 unusquisque
1113 777 1263 830 nostrum

212 883 309 955 gerat
326 871 360 933 in
378 869 555 933 retinenda
576 868 757 953 religione,
776 867 1089 951 conservandisque
1114 866 1260 952 legibus.

211 970 339 1034 Vident
352 970 478 1042 adhuc,
491 980 566 1053 post
580 968 694 1053 legem
709 966 938 1041 tribuniciam,
952 987 1058 1029 unum
1072 979 1264 1029 senatorem

212 1070 385 1133 hominem
403 1070 457 1132 vel
475 1068 712 1132 tenuissimum
730 1088 805 1131 esse
823 1067 1044 1131 damnatum:
1069 1065 1160 1150 quod
1180 1075 1265 1128 tarn·

213 1168 274 1232 etsi
299 1190 366 1232 non
392 1168 658 1252 reprehendunt,
678 1178 792 1229 tamen
817 1187 945 1252 magno
962 1186 1065 1249 opere
1083 1165 1174 1251 quod
1191 1165 1265 1227 lau·

213 1269 294 1331 dent
303 1290 372 1332 non
385 1269 521 1331 habent.
549 1267 655 1331 Nulla
668 1278 718 1331 est
729 1266 819 1330 enim
833 1267 920 1341 laus,
934 1265 979 1330 ibi
992 1286 1066 1329 esse
1078 1264 1262 1351 integrum,

212 1367 270 1431 ubi
284 1355 396 1432 ¹nemo
421 1380 471 1432 est
493 1367 550 1453 qui
576 1380 633 1432 aut
657 1367 763 1452 possit
787 1378 844 1430 aut
862 1354 1007 1430 ¹conetur
1030 1385 1261 1449 corrumpere.
1364 1452 1365 1457 γ

212 1483 257 1530 47.
284 1467 360 1532 Hoc
384 1479 434 1531 est
453 1467 635 1555 judicium,
653 1468 689 1530 in
713 1488 780 1552 quo
800 1488 861 1530 vos
878 1467 921 1531 de
938 1488 1009 1540 reo,
1029 1466 1176 1551 populus
1192 1464 1267 1529 Ro-
1364 1528 1365 1535 ,

213 1589 335 1631 manus
357 1567 399 1632 de
423 1567 518 1632 vobis
540 1567 717 1654 judicabit.
767 1566 808 1629 In
834 1568 899 1630 hoc
924 1566 1063 1631 homine
1086 1575 1263 1640 statuetur,

212 1666 375 1753 possitne,
409 1667 620 1731 senatoribus
648 1666 895 1754 judicantibus,
930 1666 1033 1731 homo
1065 1663 1267 1730 nocentissi-
1364 1652 1365 1659 ἵ

212 1789 288 1831 mus
312 1766 682 1852 pecuniosissimusque
708 1765 876 1831 damnari.
942 1765 1077 1830 Deinde
1109 1775 1160 1829 est
1191 1763 1267 1851 ejus

212 1867 303 1931 modi
332 1887 423 1940 reus,
450 1866 484 1928 in
512 1887 580 1951 quo
609 1867 746 1931 homine
775 1866 860 1930 nihil
889 1865 943 1942 sit,
968 1878 1102 1951 praeter
1130 1885 1267 1941 summa

212 1977 353 2051 peccata
379 1965 634 2052 maximamque
660 1967 863 2052 pecuniam3
896 1978 944 2042 ut,
971 1967 999 2031 si
1023 1967 1185 2030 liberatus
1207 1964 1265 2040 sit,

212 2067 306 2129 nulla
327 2067 394 2128 alia
418 2066 572 2149 suspiti0,
600 2066 665 2131 nisi
690 2088 732 2130 ea
755 2088 844 2153 quae
870 2068 1067 2152 turpissima
1095 2077 1158 2139 est,
1182 2064 1269 2129 resi-

212 2168 292 2230 dere
321 2166 439 2250 possit.
489 2165 568 2229 Non
597 2166 721 2252 gratia,
748 2188 817 2231 non
845 2169 1063 2253 cognatione,
1090 2188 1159 2230 non
1188 2166 1267 2230 aliis

212 2276 302 2330 recte
319 2265 430 2339 factis,
448 2286 516 2328 non
535 2266 681 2352 denique
700 2266 814 2352 aliquo
832 2267 994 2332 mediocri
1011 2266 1105 2342 vitio,
1124 2276 1171 2331 tot
1190 2275 1269 2329 tan-

211 2377 313 2452 taque
330 2365 403 2451 ejus
420 2364 500 2428 vitia
517 2367 695 2430 sublevata
712 2387 787 2430 esse
804 2366 1021 2432 videbuntur.

232 2480 301 2528 'ra
325 2465 502 2529 Postremo
526 2486 593 2552 ego
618 2486 759 2529 causam
783 2466 833 2530 sic
859 2487 976 2553 agam,
1002 2466 1158 2555 judices:
1190 2466 1268 2554 ejus

212 2565 304 2630 modi
318 2586 385 2639 res,
401 2564 447 2628 ita
461 2576 572 2639 notas,
585 2565 631 2629 ita
644 2577 795 2640 testatae,
810 2565 857 2629 ita
871 2588 1030 2654 magnas,
1043 2567 1090 2631 ita
1103 2567 1270 2632 manifes-

211 2677 263 2730 tas
280 2665 465 2750 proferam,
483 2675 520 2728 ut
536 2687 638 2729 nemo
655 2686 675 2729 a
692 2665 790 2730 vobis
812 2677 849 2730 ut
873 2665 974 2730 istum
999 2667 1184 2732 absolvatis
1203 2688 1270 2752 per

212 2765 357 2851 gratiam
387 2776 528 2829 conetur
556 2766 775 2830 contendere.
841 2765 964 2830 Habeo
994 2777 1106 2830 autem
1134 2778 1268 2831 certam

211 2866 303 2930 viam
329 2876 429 2951 atque
452 2865 633 2940 rationem,
657 2886 725 2951 qua
749 2865 860 2929 omnis
884 2865 1020 2929 illorum
1045 2878 1187 2931 conatus
1213 2867 1269 2931 in-

210 2965 382 3052 vestigare
400 2976 433 3028 et
449 2965 610 3050 consequi
628 2965 768 3050 possim.
818 2964 869 3028 Ita
883 2967 976 3029 resa
997 2986 1051 3029 me
1076 2978 1210 3052 agetur,
1229 2978 1270 3032 ut

212 3065 247 3128 in
272 3087 388 3130 eorum
406 3064 556 3128 consiliis
573 3064 732 3128 omnibus
749 3087 817 3128 non
835 3065 936 3129 modo
954 3085 1054 3129 aures
1071 3065 1266 3143 hominum,

213 3166 272 3229 sed
298 3164 400 3227 etiam
424 3162 514 3227 oculi
539 3161 675 3248 [populi
699 3163 869 3251 Romani]
891 3163 1053 3228 interesse
1069 3165 1266 3230 videantur.

211 3279 258 3325 49.
282 3262 354 3327 Vos
379 3262 508 3347 aliquot
526 3262 599 3350 jam
624 3283 686 3347 per
710 3284 818 3328 annos
838 3276 1039 3349 conceptam
1057 3265 1137 3329 huic
1152 3266 1270 3332 ordini

212 3361 454 3446 turpitudinem
472 3372 572 3447 atque
591 3361 767 3425 infamiam
785 3363 900 3427 delere
917 3383 958 3427 ac
974 3364 1093 3428 tollere
1110 3366 1268 3449 potestis.

213 3461 356 3526 Constat
379 3461 466 3524 inter
489 3461 613 3536 omnis,
633 3473 709 3546 post
731 3464 818 3526 haec
836 3463 1015 3529 constituta
1028 3457 1174 3552 judicia,
1190 3466 1273 3551 qui-

212 3562 275 3624 bus
304 3581 396 3624 nunc
424 3561 564 3636 utimur,
594 3562 727 3624 nullum
756 3563 822 3626 hoc
851 3564 1033 3647 splendore
1066 3575 1165 3651 atque
1198 3566 1272 3632 hac

213 3659 378 3746 dignitate
403 3659 582 3723 consilium
605 3661 720 3725 fuisse.
773 3662 841 3726 Hic
857 3662 885 3726 si
902 3664 984 3749 quid
1001 3664 1269 3741 erit‘offensum,

212 3781 332 3823 omnes
350 3758 505 3822 homines
523 3782 591 3824 non
604 3760 677 3847 jam
694 3782 738 3824 ex
755 3763 875 3826 eodem
896 3763 1016 3827 ordine
1041 3763 1126 3828 alios
1151 3766 1272 3852 magis

212 3858 353 3923 idoneos
370 3857 479 3945 (quod
493 3859 567 3923 fieri
584 3881 652 3924 non
670 3861 813 3947 potest),
829 3862 890 3926 sed
904 3863 1007 3926 alium
1021 3864 1161 3928 omnino
1174 3866 1272 3930 ordi·

212 3976 292 4023 nem
309 3958 353 4023 ad
370 3979 424 4022 res
437 3957 644 4045 judicandas
661 3961 895 4046 quaerendum
914 3963 1174 4029 arbitrabuntur.
