2722 4438
115 247 259 352 urrato-1
348 278 444 345 How
473 279 614 347 Clodius
637 282 715 347 laid
734 282 788 347 tis
811 281 931 347 Plans.
1102 283 1166 368 187

118 482 172 569 qui
189 480 233 546 ita
246 478 375 568 judicia
397 501 613 568 poenamque
637 493 900 568 contempserat,
918 493 955 548 ut
977 504 1056 549 eum
1080 483 1165 549 nihil

118 583 296 648 delectaret
326 581 417 666 quod
449 592 508 645 aut
537 602 600 668 per
629 592 787 648 naturam
817 584 870 650 sas
897 594 998 661 esset,
1026 595 1085 649 aut
1104 605 1167 671 per

116 682 207 768 leges
224 680 352 745 liceret.

156 798 201 845 44.
225 781 295 847 Sed
312 780 395 868 quid
421 802 487 869 ego
505 781 748 870 argumentor?
782 784 864 871 quid
889 785 987 870 plura
1007 784 1165 871 disputo?

112 882 175 958 Te,
195 881 248 965 Q.
262 880 375 957 Petili,
395 882 545 967 appello,
563 883 729 968 optimum
747 894 779 948 et
795 883 1013 949 fortissimum
1031 886 1163 950 civem:

112 993 153 1058 te,
172 981 222 1046 Μ.
246 980 348 1057 Cato,
378 992 493 1058 testor,
523 1004 609 1069 quos
637 983 720 1047 mihi
749 984 865 1049 divina
892 985 1064 1071 quaedam
1090 1007 1163 1051 sors

110 1082 200 1148 dedit
218 1082 368 1170 judices.
415 1081 489 1148 Vos
514 1104 558 1147 ex
582 1082 635 1147 M.
657 1083 812 1150 Favonio
837 1084 978 1149 audistis
1002 1083 1163 1150 Clodium

109 1183 169 1248 sibi
186 1182 330 1257 dixisse,
345 1192 378 1247 et
395 1183 537 1248 audistis
549 1183 627 1249 vivo
638 1182 775 1260 Clodi0,
789 1184 976 1270 periturum
994 1183 1162 1250 Milonem

41 1337 54 1357 ,,
106 1283 228 1347 triduo.
280 1281 363 1347 Post
381 1282 472 1347 diem
492 1283 626 1348 tertium
643 1295 741 1371 gesta
758 1305 812 1354 res
828 1294 880 1349 est
893 1305 997 1371 quam
1015 1285 1160 1350 dixerat.

105 1380 194 1447 Cum
227 1382 287 1446 ille
327 1403 395 1446 non
428 1382 589 1447 dubitarit
619 1384 753 1468 aperire
785 1383 868 1470 quid
900 1385 1078 1471 cogitaret,
1101 1407 1163 1449 vos

103 1482 244 1566 potestis
277 1481 435 1547 dubitare
466 1482 550 1568 quid
583 1481 722 1547 fecerit?
783 1501 875 1548 xvn.
901 1501 946 1548 45.
971 1483 1086 1567 Quem
1119 1485 1163 1550 ad

100 1582 243 1657 modurn
271 1580 377 1669 igitur
406 1602 484 1646 eum
511 1582 585 1647 dies
611 1605 680 1648 non
705 1582 846 1648 fefellit?
893 1584 974 1648 Dixi
1003 1584 1162 1670 equidem

100 1682 216 1746 modo.
270 1680 456 1746 Dictatoris
473 1680 648 1746 Lanuvini
672 1693 757 1747 stata
782 1683 952 1749 sacrificia
977 1704 1079 1748 nosse
1103 1705 1163 1748 ne-

97 1781 168 1868 goti
195 1780 287 1845 nihil
314 1791 398 1846 erat.
447 1780 544 1846 Vidit
571 1803 713 1847 necesse
741 1803 817 1848 esse
842 1782 965 1849 Miloni
993 1784 1162 1870 proficisci

97 1879 303 1945 Lanuvium
335 1881 395 1947 illo
426 1880 502 1966 ipso
533 1902 602 1967 quo
635 1892 686 1946 est
710 1882 882 1967 profectus
914 1884 982 1949 die.
1043 1883 1162 1970 Itaque

95 1981 295 2047 antevertit.
345 1980 394 2045 At
416 2003 484 2068 quo
508 1970 587 2046 die?
635 1980 727 2066 Qn,
746 1993 782 2047 ut
798 1995 875 2048 ante
893 1984 976 2060 dixi,
995 1984 1056 2048 fuit
1072 1984 1164 2048 insa·

95 2081 242 2146 nissima
278 2081 392 2147 contio
424 2082 468 2145 ab
500 2080 607 2165 ipsius
644 2082 855 2148 mercenario
887 2084 1021 2149 tribuno
1053 2084 1162 2170 plebis

94 2182 293 2247 concitata:
336 2202 439 2268 quem
472 2180 564 2246 diem
596 2181 667 2257 ille,
701 2202 803 2268 quarn
837 2183 1043 2258 contionem,
1076 2205 1162 2270 quos

92 2281 286 2358 clamores,
324 2282 389 2346 nisi
425 2281 469 2346 ad
505 2280 692 2369 cogitatum
712 2272 714 2275 ’
731 2282 865 2348 facinus
904 2294 1159 2368 approperaret,

91 2402 293 2469 numquam
326 2381 529 2467 reliquisset.
595 2379 691 2468 Ergo
713 2380 771 2445 'illi
804 2402 847 2447 ne
886 2403 991 2447 causa
1022 2383 1160 2469 quidem

90 2480 240 2557 itineris,
262 2481 368 2545 etiam
386 2500 491 2544 causa
516 2480 700 2544 manendit
734 2479 857 2545 Miloni
881 2483 1043 2546 manendi
1066 2484 1161 2550 nulla

92 2578 306 2668 [facultas],
325 2579 473 2645 exeundi
491 2601 559 2644 non
578 2601 682 2645 causa
700 2581 824 2655 solum,
843 2581 1023 2647 sedetiam
1043 2604 1161 2648 neces-

88 2680 173 2755 sitas
191 2681 276 2745 suit.
329 2677 446 2762 Quid?
469 2679 511 2755 si,
530 2690 566 2744 ut
582 2680 640 2743 ille
657 2680 756 2745 scivit
772 2680 940 2745 Milonem
959 2682 1030 2747 sore
1047 2704 1088 2748 eo
1104 2684 1160 2748 die

85 2777 120 2842 in
137 2780 214 2855 via,
236 2779 293 2844 sic
317 2777 479 2844 Clodium
504 2778 592 2843 Milo
609 2800 652 2843 ne
677 2780 843 2864 suspicari
868 2781 1006 2866 quidem
1031 2782 1160 2867 potuit?

84 2895 132 2942 aa.
157 2879 328 2944 Primum
359 2898 489 2964 quaero
519 2877 578 2965 qui
603 2878 639 2943 id
665 2880 753 2944 scire
781 2881 948 2965 potuerit?
978 2884 1071 2970 quod
1098 2906 1159 2949 vos

82 2980 179 3045 idem
199 2979 239 3043 in
266 2977 394 3043 Clodio
419 2998 584 3063 quaerere
612 3001 681 3044 non
708 2981 858 3065 potestis.
907 2981 956 3049 Ut
981 2983 1072 3049 enim
1100 3006 1160 3050 ne·

83 3080 222 3171 minem
247 3078 359 3142 alium
376 3077 441 3142 nisi
457 3078 502 3141 T.
522 3076 693 3157 Patinam,
714 3081 1018 3149 familiarissimum
1043 3107 1156 3160 suum,

80 3189 268 3266 rogasset,
290 3177 377 3242 scire
395 3178 502 3262 potuit
526 3178 584 3245 illo
610 3180 685 3266 ipso
707 3182 762 3248 die
788 3182 925 3248 Lanuvi
949 3205 969 3249 a
995 3185 1158 3252 dictatore

81 3277 226 3345 Milone
245 3276 350 3362 prodi
367 3276 542 3343 flaminem
561 3302 704 3346 necesse
728 3303 816 3347 esse.
865 3283 937 3350 Sed
962 3297 1059 3350 erant
1082 3307 1159 3372 per-

80 3379 182 3447 multi
202 3377 287 3452 alii,
306 3397 350 3440 ex
366 3378 490 3462 quibus
507 3379 541 3445 id
558 3379 720 3445 facillime
744 3381 831 3447 scire
856 3394 991 3467 posset:
1020 3383 1157 3472 [omnes

79 3478 222 3542 scilicet
240 3475 456 3565 Lanuvini]
507 3477 595 3543 Milo
619 3480 661 3544 de
679 3477 780 3545 Clodi
804 3482 912 3547 reditu
937 3485 1029 3550 unde
1053 3506 1158 3571 quae-

77 3577 184 3642 sivit?
240 3574 447 3658 Quesierit
475 3579 733 3645 sane—videte
764 3581 845 3667 quid
877 3584 974 3650 vobis
1006 3586 1155 3673 largiar:

77 3697 228 3741 servum
263 3676 383 3752 etiam,
402 3687 439 3741 ut
463 3675 516 3759 Q.
529 3675 664 3754 Arrius,
683 3700 780 3744 meus
804 3682 947 3758 amicus,
967 3684 1064 3759 dixit,
1083 3706 1157 3750 cor-

74 3778 231 3863 ruperit.
292 3775 416 3864 Legite
438 3776 631 3841 testimonia
655 3778 791 3842 testium
809 3794 1010 3846 vestrorum.
1060 3782 1157 3847 Dixit

75 3875 119 3942 C.
157 3875 365 3944 Causinius
393 3875 535 3951 Schola,
560 3875 788 3954 Interamnas,
811 3878 1095 3946 familiarissimus
1123 3891 1157 3946 et

72 3978 172 4045 idem
211 3996 343 4043 comes
378 3974 676 4065 Clodi—cujus
691 3976 764 4066 jam
794 3978 928 4064 pridem
964 3979 1156 4045 testimonio
