2572 4442
23 238 48 279 ³»
61 224 117 295 25]
239 226 352 292 Fame
375 228 405 293 is
428 230 600 315 conveyed
621 229 663 315 by
686 228 848 294 Letters.-
1000 249 1061 320 143

23 426 113 495 nostri
138 426 176 492 in
204 428 376 494 civitatem
407 440 630 515 receperunt:
655 451 718 495 nos
743 432 836 496 hunc
860 430 1063 497 Heraclien-

25 549 92 609 sem,
107 528 227 593 multis
243 529 434 594 civitatibus
451 530 651 614 expetitum,
667 529 700 593 in
718 530 784 594 hac
797 542 910 595 autem
928 532 1063 619 legibus

28 627 243 702 constitutum,
262 629 304 693 de
320 640 435 694 nostra
453 629 587 694 civitate
607 629 793 695 eiciemus?

54 743 96 792 23.
119 727 158 791 N
162 749 220 792 am
245 728 273 793 si
297 729 373 815 quis
397 729 564 794 minorem
589 729 720 817 gloriae
742 729 889 795 fructum
907 742 1003 816 putat
1018 753 1063 797 ex

23 827 152 893 Graecis
171 827 328 894 versibus
344 828 474 914 percipi
492 850 596 916 quam
613 851 657 894 ex
676 827 823 906 Latinis,
841 832 1063 896 veliementer

23 940 115 995 errat:
150 938 334 1014 propterea
365 930 456 1016 quod
489 928 625 993 Graeca
656 929 817 1016 leguntur
844 930 878 994 in
903 931 1062 997 omnibus

23 1029 76 1121 lere
99 1029 280 1116 gentibus
300 1028 426 1093 Latina
450 1028 521 1094 suis
545 1029 682 1105 finibus,
706 1028 842 1117 exiguis
866 1051 962 1107 sane,
981 1051 1063 1097 con·

23 1129 171 1195 loentur.
232 1128 312 1211 Qua
343 1150 380 1193 re
412 1129 441 1195 si
472 1151 527 1194 res
559 1149 620 1194 eae
651 1150 738 1215 quas
768 1130 939 1217 gessimus
970 1131 1071 1197 orbis

23 1238 113 1299 terrae
149 1229 351 1317 regionibus
382 1229 602 1305 deliniuntur,
633 1249 757 1315 cupere
789 1230 967 1307 debemus,
993 1253 1062 1318 quo

23 1350 176 1395 nanuum
201 1341 393 1394 nostrarum
415 1330 483 1394 tela
512 1330 741 1415 pervenerint,
765 1331 887 1396 eodem
914 1331 1062 1418 gloriam

23 1429 209 1517 famamque
225 1442 423 1516 penetrare3
449 1429 635 1516 quodcum
652 1428 735 1515 ipsis
752 1431 887 1516 populis
912 1432 955 1495 de
979 1454 1062 1518 quo·
1163 1434 1167 1443 ’

23 1550 79 1594 nun
100 1533 211 1595 rebus
232 1530 401 1604 scribitur,
426 1530 513 1594 haec
532 1530 648 1614 ampla
680 1541 770 1605 sunt,
789 1542 860 1593 tum
882 1529 931 1594 eis
955 1545 1060 1606 certe,

23 1631 64 1721 poi
84 1631 129 1696 de
155 1630 224 1694 vita
244 1629 375 1716 gloriae
398 1650 503 1694 causa
527 1629 704 1703 dimicant,
727 1630 792 1693 hoc
816 1629 1006 1693 maximum
1030 1641 1063 1695 et

23 1724 241 1823 periculorum
258 1729 514 1794 incitamentum
532 1740 582 1793 est
599 1740 632 1792 et
655 1729 822 1793 laborum.
871 1746 918 1793 24.
944 1728 1061 1816 Qum

23 1826 132 1897 inultos
152 1829 332 1915 scriptores
348 1851 463 1893 rerum
476 1849 615 1893 suarum
629 1848 778 1915 magnus
790 1829 847 1893 ille
860 1829 1062 1924 Alfflfflflf

23 1950 125 1999 secum
160 1929 322 1994 habuisse
354 1927 496 1993 dicitur!
558 1926 674 2013 Atque
705 1928 734 1992 is
765 1926 1061 2006 tamenffcnrrs’in

23 2028 49 2109 Si
73 2053 115 2097 eo
143 2031 187 2095 ad
210 2029 360 2094 Achillis
384 2029 553 2093 tumulum
586 2027 775 2093 astitisset:
821 2029 853 2095 0
869 2031 1063 2114 fortunate

23 2053 124 2217 nl&
143 2130 354 2204 adulescem,
380 2130 444 2214 qui
467 2137 548 2193 tuae
575 2130 717 2215 virtutis
741 2129 935 2194 Homerum
952 2138 1062 2218 prae·

23 2222 124 2329 portem
142 2227 340 2294 moenera!
386 2228 430 2293 Et
446 2249 538 2292 vere.
588 2227 681 2292 Nam
699 2228 763 2294 nisi
780 2229 862 2295 Ilias
879 2231 938 2294 illa
958 2231 1061 2317 {bill-,t

23 2330 114 2435 tisset,
149 2331 241 2396 idem
278 2329 442 2403 tumulus,
476 2328 534 2415 qui
571 2349 695 2413 corpus
735 2330 809 2416 ejus
848 2319 1068 2423 conteri'er'at,

23 2448 134 2496 nomen
162 2431 266 2494 etiarn
294 2428 473 2511 obmisset.
524 2425 641 2512 Quid?
673 2441 787 2493 noster
810 2431 867 2495 hic
891 2431 1058 2518 MagnuS,

23 2531 161 2615 quicum
178 2529 300 2594 virtute
317 2506 487 2593 ffim
505 2528 721 2614 adaequavit,
740 2551 853 2594 nonne
872 2530 1071 2617 Theopbaf

23 2651 88 2696 inem
110 2630 377 2718 Mfflenfflrm,
401 2627 601 2713 scriptorem
626 2649 739 2692 rerum
756 2649 909 2704 suarum,
928 2630 963 2693 in
980 2651 1061 2694 con·

26 2730 97 2797 tione
113 2714 413 2796 mslffi'nffivitate
430 2726 588 2798 donavit3
614 2738 647 2790 et
668 2726 772 2790 nostri
796 2727 845 2791 illi
863 2728 966 2793 sortes
982 2730 1057 2805 viri,

30 2833 71 2896 sed
92 2831 210 2897 rustici
235 2849 276 2893 ac
301 2828 435 2903 milites
449 2814 636 2890 'dulcedine
653 2825 803 2911 quadam
820 2827 951 2913 gloriae
968 2849 1060 2892 com·

33 2934 100 3010 noti,
127 2929 229 3020 quasi
262 2927 444 3014 participes
476 2926 550 3013 ejus
576 2945 594 2989 e
662 2925 787 3000 laudis,
815 2947 943 3013 magno
974 2927 1060 2992 illud

29 3030 158 3137 elamblre
182 3030 461 3120 approbaverunt
477 2925 636 3191 iffi
1108 3066 1117 3083 ,

58 3150 96 3197 25.
119 3133 256 3218 Itaque,
275 3129 390 3200 credo,
409 3127 437 3191 si
455 3125 539 3191 civis
614 3147 736 3191 manus
753 3125 901 3191 Archias
923 3127 1059 3214 legibus

1130 1600 1163 1779 l

28 3250 78 3297 oon
94 3245 199 3308 esset,
221 3240 259 3294 ut
281 3230 325 3294 ab
349 3227 464 3313 aliquo
488 3225 692 3311 imperatore
717 3226 851 3290 civitate
876 3227 1060 3292 donaretur
1159 3280 1161 3284 ,

27 3335 173 3411 perlicere
198 3352 268 3395 non
291 3327 409 3413 potuit.
459 3325 558 3391 Sulla
578 3346 657 3390 curn
676 3324 851 3409 Hispanos
868 3326 1010 3392 donaret
1027 3338 1060 3393 et

28 3427 142 3508 Gallos,
164 3430 269 3497 credo
293 3430 386 3493 hunc
409 3437 579 3513 petentem
603 3425 837 3511 repudiasset:
869 3448 971 3513 quem
996 3451 1058 3494 nos

23 3526 51 3594 ln
68 3533 221 3598 contione
240 3530 402 3605 vidimuS,
420 3549 499 3592 curn
523 3527 554 3592 ei
579 3527 733 3591 libellum
757 3527 868 3591 malus
892 3532 992 3613 poeta
1016 3530 1059 3594 de

30 3635 136 3717 oopulo
160 3630 372 3719 subjecisset,
396 3630 487 3716 quod
511 3628 726 3716 epigramma
750 3627 785 3691 in
810 3649 888 3693 eum
908 3629 1057 3706 fecisset,

30 3733 245 3797 tantummodo
270 3729 408 3795 alternis
431 3729 586 3794 versibus
611 3727 849 3815 longiusculis‚
876 3731 986 3796 statim
1015 3753 1060 3794 ex

31 3827 70 3919 eis
94 3833 192 3898 rebus
223 3851 309 3917 quas
340 3840 421 3894 tunc
451 3829 623 3892 vendebat
649 3828 771 3916 jubere
803 3829 835 3894 ei
867 3829 1059 3915 praemium

34 3929 125 4009 uibui,
151 3933 212 3999 sed
239 3951 281 3998 ea
308 3928 523 4005 condicione,
550 3949 593 3994 ne
621 3928 704 4015 quid
730 3941 850 4015 postea
882 3928 1057 3995 scriberet.

1165 1782 1189 1833 Nn
