2572 4442
734 62 767 91 l,
1078 82 1094 95 .-

128 108 136 173 l
1072 92 1107 167 d

130 186 146 199 V

145 88 324 257 xiQTC
356 190 436 251 fit
459 194 618 285 ‘’*QJ
665 170 688 267 ι’,
903 268 907 287 ,

13 306 30 346 ιι.
58 295 147 367 uzo]
292 297 528 387 Importanod
544 300 592 385 os
608 300 665 367 the
687 301 867 368 Dcczlrz'on.
1045 322 1107 388 131

13 528 39 560 i·
69 509 74 558 ’,
89 498 198 564 mani
217 498 398 584 praesidia
415 523 484 566 non
500 501 644 567 desunt=
667 524 788 568 vosne
805 504 931 590 populo
949 504 1109 571 Romano

17 622 38 660 n
63 621 164 665 eesse
181 600 380 665 v‘deamini
398 601 583 687 providete.
630 622 681 666 1x.
710 602 854 668 Habetis
871 605 1048 670 consulem
1065 626 1110 669 ex

14 701 32 762 ei
57 623 391 787 lurimisffis
408 714 441 767 et
457 702 590 768 insidiis
606 713 707 790 atque
721 724 765 768 ex
778 702 891 768 media
905 715 1025 780 morte,
1040 726 1109 770 non

13 804 35 883 np‘
57 802 90 864 ad
109 801 218 865 vitam
244 805 365 879 suam,
384 805 446 868 sed
469 803 514 868 ad
538 794 683 868 salutern
711 815 858 869 vestram
884 815 1106 869 reservatum.

19 903 34 962 l«
56 899 176 966 Omnes
193 903 345 968 ordines
358 905 402 968 ad
433 886 437 891 ⁴
539 905 688 969 vandam
702 925 773 969 rem
791 903 965 989 publicam
982 914 1116 979 mente,-

13 1022 33 1062 ar
54 1002 236 1078 vuluntate,
256 1024 348 1068 voce
372 1024 413 1069 co
439 1015 599 1069 sentrun.
682 1006 801 1070 bsessa
827 1004 960 1069 facibus
984 1013 1018 1068 et
1033 1002 1110 1068 telis

54 1098 170 1185 impiae
188 1103 445 1191 conjurationis
460 1104 558 1170 vobis
574 1106 721 1197 suppl&
739 1126 861 1170 munus
877 1104 985 1170 tendit
1000 1102 1110 1189 patria

13 1228 29 1258 a
55 1202 243 1267 communis
257 1226 266 1277 3
286 1204 385 1291 vobis
403 1226 453 1280 se,
465 1205 561 1270 vobis
574 1198 845 1270 vilarn'omnium
858 1205 998 1280 civium,
1012 1203 1110 1270 vobis

13 1304 29 1363 lt
56 1318 158 1365 arcem
177 1314 214 1367 et
231 1302 463 1388 Capitolium,
481 1305 578 1370 vobis
595 1325 672 1370 aras
689 1304 882 1381 Penatium,
897 1305 995 1371 vobis
1011 1304 1109 1369 illurn

13 1403 29 1462 r]
55 1397 163 1486 ignem
189 1402 331 1469 Vestae
362 1404 620 1489 sempiternum,
650 1405 746 1471 vobis
782 1406 935 1470 omnium
968 1405 1110 1470 deorum
1144 1405 1147 1411 ’

15 1522 29 1562 n
56 1502 174 1585 templa
201 1515 313 1590 atque
338 1504 494 1579 delubra,
519 1504 616 1569 vobis
640 1527 755 1570 muros
780 1517 881 1592 atque
905 1505 998 1570 urbis
1022 1516 1110 1569 tecta

13 1624 26 1660 n
57 1604 288 1667 commendat.
339 1602 521 1668 Praeterea
546 1604 589 1668 de
613 1616 726 1668 vestra
749 1604 831 1678 vita,
855 1605 898 1670 de
923 1603 1110 1692 conjugum

13 1724 27 1763 a
57 1711 254 1775 vestrarum,
264 1715 368 1789 atque
386 1703 568 1768 liberorum
583 1703 710 1779 anima,
726 1703 769 1768 de
785 1702 929 1768 fortunis
941 1703 1108 1777 omnium,

21 1852 24 1859 ⁴
57 1796 92 1860 de
107 1801 268 1878 sedibus,
285 1803 330 1868 de
346 1802 430 1867 focis
443 1803 577 1879 vestriS,
592 1804 757 1897 th
774 1802 829 1867 die
842 1803 938 1901 ‘Q
951 1802 1112 1890 judican-

18 1934 23 1961 t
57 1896 129 1961 dum
145 1907 254 2066 est&
267 1919 312 1965 19.
337 1901 481 1966 Habetis
498 1900 621 1966 ducem
639 1923 826 1994 “Q
839 1900 954 1976 maur,
969 1901 1111 1966 oblitum

13 2024 21 2059 ‘l
53 1997 114 2085 ἐμὲ,
139 2021 210 2085 qua
260 2024 333 2066 non
358 2023 495 2087 semper
518 1996 816 2067 facultasaffiffi
843 1967 975 2067 ffetis
999 2001 1110 2066 omnis

13 2102 23 2161 l
56 2085 200 2176 ir‘dmes,
228 2101 347 2165 omnis
372 2101 541 2177 homines,
568 2101 766 2167 universum
791 2103 955 2188 populum
980 2101 1112 2193 Roma·

14 2221 24 2261 a:
60 2214 188 2288 numn-
199 2200 238 2265 id
268 2199 360 2287 quod
384 2201 418 2264 in
450 2201 542 2266 civili
567 2223 671 2266 causa
696 2203 861 2267 hodierno
885 2202 941 2266 die
962 2201 1111 2289 pfflm

13 2316 21 2361 t
59 2292 209 2364 videmus
228 2322 391 2364 -unum
420 2312 522 2386 atque
552 2301 643 2366 idern
675 2302 889 2367 sentientem.
950 2300 1111 2388 Cogitate

14 2427 23 2456 t
60 2398 188 2477 quantis
212 2400 393 2465 laboribus
418 2400 597 2464 fundatum
620 2401 815 2487 imperium,
837 2411 965 2488 quanta
988 2401 1111 2465 virtute

13 2520 21 2559 l
62 2495 240 2563 stabilitam
261 2490 462 2574 libertatem,
477 2512 604 2585 quanta
632 2501 774 2564 deorum
801 2500 1013 2588 benignitate
1031 2519 1111 2563 auc-

13 2620 15 2643 1
62 2601 105 2658 las
128 2611 435 2688 exaggeratasque
463 2599 628 2672 fortunas,
654 2621 723 2663 una
747 2622 817 2664 nox
842 2621 952 2684 paene
976 2598 1108 2689 dElQil·

13 2722 17 2757 ι
62 2689 155 2762 Idne
172 2720 343 2786 umquam
368 2701 511 2785 posthac
535 2721 603 2763 non
628 2698 729 2764 modo
750 2721 818 2763 non
835 2699 971 2773 confici,
989 2684 1058 2764 seiiu
1067 2720 1111 2763 ne

13 2818 15 2855 s
63 2795 200 2882 cogitari
226 2799 367 2885 quidem
391 2798 498 2897 Q
522 2819 542 2861 a
566 2798 709 2873 civibus,
729 2798 895 2863 hodierno
919 2797 974 2863 die
999 2798 1112 2883 provi·

64 2890 209 2963 dendum
237 2909 298 2964 est.
347 2886 463 2986 Αἴςῖὲ
488 2899 575 2962 haec
591 2920 659 2962 non
676 2909 712 2962 ut
727 2920 800 2972 vos,
819 2897 877 2984 qui
899 2897 982 2961 mihi
999 2897 1110 2967 studio

64 3010 166 3072 paene
181 2999 415 3083 praecurritis,
429 2998 627 3073 excitarem,
642 2998 775 3062 locutus
791 3018 866 3061 sum
880 3019 888 3069 3
907 2996 968 3061 sed
984 3007 1022 3061 ut
1034 3018 1111 3063 mea

63 3110 136 3170 vox,
163 3120 257 3185 quae
281 3100 383 3164 debet
405 3063 607 3163 emanire
631 3098 768 3184 publica
800 3096 917 3184 prince
944 3119 973 3173 S,
999 3096 1111 3189 Q

65 3188 174 3261 functa
199 3200 374 3271 consulari
398 3199 580 3264 videretur.
1001 3190 1110 3212 ''W‘'

103 3314 140 3361 x.
174 3318 225 3366 20.
256 3299 374 3376 Nunc,
401 3264 606 3386 affim
630 3299 675 3364 ad
699 3299 901 3364 sententiam
925 3299 1041 3377 redeo,
1068 3300 1112 3367 de

67 3410 115 3460 me
131 3421 245 3483 pauca
268 3402 394 3467 dicam.
444 3399 534 3487 Ego,
553 3411 680 3486 quanta
705 3421 827 3465 manus
853 3411 904 3466 est
920 3401 1112 3490 conjurato-

67 3511 149 3574 rum,
167 3524 271 3589 quam
289 3500 410 3566 videtis
432 3522 507 3566 esse
525 3521 764 3588 permagnam,
782 3512 911 3565 tantam
929 3523 983 3566 me
1000 3502 1112 3566 inimi·

68 3610 179 3667 corum
197 3602 446 3668 multitudinem
464 3601 655 3687 suscepisse
672 3602 792 3666 video:
817 3601 878 3667 sed
895 3623 972 3666 eam
992 3601 1112 3690 judico

70 3711 139 3762 esse
161 3713 294 3790 turpem
320 3713 354 3768 et
377 3703 549 3766 infirmam
574 3713 607 3769 et
632 3701 813 3789 abjectam.
864 3699 968 3786 Quod
994 3701 1023 3766 si
1049 3701 1112 3764 ali-

71 3803 199 3875 quando
216 3803 361 3890 alicujus
386 3802 498 3867 surore
516 3813 549 3866 et
565 3802 695 3867 scelere
720 3800 888 3867 concitata
907 3821 1029 3865 manus
1046 3799 1110 3864 ista

13 3844 17 3959 i
72 3892 141 3970 nus
155 3904 298 3968 valuerit
313 3924 418 3990 quam
434 3910 546 3967 vestra
571 3922 612 3966 ac
627 3901 676 3966 rei
693 3902 852 3987 publicae
871 3899 1034 3987 dignitas,
1054 3919 1109 3962 me

14 3250 18 3289 l

74 3995 177 4066 lamen
194 4024 345 4068 meorum
362 4002 528 4095 {Q
546 4012 646 4089 atque
668 4001 889 4067 consiliorum
905 3999 1107 4084 numquam,

574 4290 651 4333 ‚1-
755 4272 903 4333 'saw

1150 144 1155 155 ι
1183 130 1206 157 Κ,
