2572 4442
47 349 183 423 xvt1·38·]
235 350 388 441 Appeal
407 362 442 419 to
478 352 634 420 Vz'olence
654 357 733 419 and
760 353 905 420 Terror.
1034 370 1098 442 153

44 552 193 629 caedem,
207 553 254 617 ad
269 553 497 638 direptionem
514 553 747 619 incitarentur.
777 553 961 641 Isdemque
975 576 1099 622 consu·

25 684 27 749 μ
43 652 122 716 libus
136 675 235 716 arma
249 654 288 716 in
303 656 469 738 templum
481 653 634 719 Castoris
648 656 762 739 palam
776 657 1099 739 comportabantur3

43 752 162 837 gradus
192 753 357 840 ejusdem
385 753 503 838 templi
530 755 756 828 tollebantur3
791 755 912 819 armati
942 757 1099 823 homines

43 851 144 925 lorum
172 864 207 917 et
236 854 419 919 contiones
445 854 626 927 tenebant3
652 855 777 919 caedes
804 856 1099 944 lapidationesque

42 950 171 1015 fiebant.
224 952 360 1019 Nullus
383 965 456 1018 erat
479 965 630 1028 senatus,
656 953 741 1017 nihil
769 955 892 1043 reliqui
921 957 1101 1045 magistra·

41 1059 105 1122 tus3
129 1071 224 1116 unus
248 1074 392 1117 omnem
414 1052 567 1118 omnium
592 1063 795 1137 potestatem
819 1057 922 1122 armis
947 1068 980 1121 et
999 1057 1101 1122 latro·

42 1148 129 1214 ciniis
139 1151 368 1234 possidebat,
387 1174 456 1217 non
474 1153 587 1238 aliqua
604 1152 638 1216 vi
656 1173 731 1229 sua,
750 1155 812 1220 sed
830 1178 908 1221 cum
935 1157 1003 1222 duo
1019 1178 1100 1222 con·

43 1248 122 1313 sules
152 1271 172 1313 a
200 1273 240 1316 re
272 1252 412 1337 publica
440 1252 694 1336 provinciarum
725 1255 862 1321 foedere
889 1257 1098 1332 retraxisset,

44 1345 235 1425 insultabat,
253 1351 509 1426 dominabatur,
531 1350 626 1439 [aliis
639 1356 897 1444 pollicebatur,]
914 1368 1041 1421 terrore
1058 1377 1100 1422 ac

43 1459 123 1511 metu
149 1452 298 1524 multos,
317 1452 424 1537 pluris
449 1452 552 1516 etiam
577 1475 638 1539 spe
661 1467 692 1519 et
710 1455 885 1540 promissis
902 1457 1050 1521 tenebat.

77 1563 117 1610 14.
135 1548 246 1636 Qae
265 1573 344 1616 cum
363 1564 477 1617 essent
488 1553 563 1641 ejus
577 1554 681 1628 modi,
693 1556 840 1642 judices,
854 1577 986 1620 -cum
1001 1577 1101 1621 sena-

43 1655 85 1710 tus
104 1650 215 1714 duces
238 1653 355 1715 nullos
375 1673 417 1716 ac
434 1674 499 1738 pro
524 1654 668 1718 ducibus
692 1651 881 1739 proditores
907 1666 964 1718 aut
987 1655 1099 1738 potius

25 1746 169 1829 lapertos
200 1751 315 1816 hostis
338 1753 491 1828 haberet,
516 1765 673 1839 equester
700 1755 784 1819 ordo
808 1775 886 1818 reus
909 1774 928 1818 a
951 1754 1100 1818 consuli-

43 1843 95 1911 bus
111 1850 297 1933 citaretur,
316 1851 435 1917 Italiae
450 1853 552 1917 totius
571 1853 752 1918 auctoritas
772 1854 1021 1938 repudiaretur,
1041 1854 1098 1918 alii

44 1949 240 2016 nominatim
274 1952 523 2040 relegarentur,
548 1953 604 2016 alii
637 1964 729 2017 metu
756 1964 790 2018 et
816 1954 967 2039 periculo
993 1964 1098 2018 terre-

44 2042 160 2127 rentur,
182 2073 288 2118 arma
314 2063 428 2118 essent
451 2054 486 2117 in
509 2053 658 2138 templis,
678 2054 799 2118 armati
824 2054 858 2118 in
884 2054 969 2130 for0,
989 2075 1098 2140 eaque

25 2167 102 2212 »non
127 2152 271 2219 silentio
296 2154 476 2219 consulum
501 2154 810 2229 dissimularentur,
829 2154 890 2219 sed
915 2166 948 2220 et
963 2176 1048 2218 voce
1065 2166 1099 2219 et

45 2256 204 2319 sententia
223 2255 545 2339 comprobarentur,
564 2275 642 2319 cum
659 2277 779 2320 omnes
799 2255 919 2319 urbem
944 2256 1097 2319 nondum

46 2352 188 2418 excisam
220 2367 258 2420 et
281 2377 450 2430 eversam,
477 2356 538 2420 sed
566 2355 639 2443 jam
667 2366 803 2440 captam
831 2367 932 2442 atque
955 2376 1098 2439 oppres·

45 2467 108 2514 sam
124 2454 525 2529 videremus,-tamen
550 2456 603 2520 his
628 2456 729 2520 tantis
755 2457 853 2520 malis
874 2468 968 2520 tanto
992 2456 1098 2519 bono-

46 2566 110 2614 rum
135 2557 267 2630 studio,
290 2555 436 2643 judices,
455 2556 717 2620 restitissemus:
743 2556 803 2620 sed
828 2577 883 2619 me
905 2555 961 2620 alii
986 2567 1097 2620 metus

46 2658 136 2734 atque
162 2656 257 2720 aliae
291 2676 393 2719 curae
417 2655 691 2740 suspitionesque
720 2666 911 2718 moverunt.
960 2673 1001 2720 15.
1025 2655 1096 2717 Ex-

47 2765 162 2828 ponam
191 2755 285 2820 enim
315 2755 480 2819 hodierno
506 2753 575 2830 die,
600 2752 749 2842 jndices,
767 2774 905 2817 omnem
929 2753 1095 2817 rationem

46 2846 114 2915 sacti
144 2867 178 2920 et
206 2856 329 2920 consili
358 2854 438 2929 mei,
470 2875 581 2942 neque
613 2854 694 2918 huic
721 2866 834 2919 vestro
861 2864 955 2917 tanto
983 2854 1094 2917 studio

47 2952 200 3021 audiendi
221 2977 286 3020 nec
302 2978 382 3020 vero
405 2955 485 3019 huic
502 2966 614 3019 tantae
634 2953 852 3025 multitudini,
871 2964 999 3037 quanta
1017 2973 1093 3016 mea

46 3057 205 3120 memoria
231 3043 421 3141 numquam
444 3055 515 3120 ullo
532 3055 566 3119 in
593 3054 722 3143 judicio
739 3053 814 3128 suit,
833 3055 948 3117 dedro.
998 3050 1091 3114 Nam

47 3146 68 3208 si
84 3156 252 3238 ego-in
270 3176 374 3219 causa
390 3167 460 3218 tam
478 3156 582 3228 bona,
600 3166 694 3218 tanto
711 3153 822 3218 studio
842 3162 993 3225 senatuS,
1013 3172 1094 3215 con-

46 3265 238 3319 sensuram
265 3255 456 3319 incredibili
482 3257 652 3319 bonorum
678 3254 844 3327 omnium,
863 3264 933 3316 tam
960 3264 1091 3336 parato,

48 3354 107 3413 tota
126 3355 276 3442 denique
302 3354 399 3419 Italia
426 3355 468 3419 ad
492 3377 629 3419 omnem
655 3353 905 3418 contentionem
932 3352 1093 3437 expedita

46 3456 183 3519 *cessi
208 3455 333 3519 tribuni
359 3455 481 3539 plebis,
498 3453 765 3538 *despicatissimi
790 3453 951 3527 hominis,
971 3453 1091 3529 furori,

50 3554 406 3638 contemptissimorum
431 3554 610 3617 consulum
639 3552 811 3617 levitatem
841 3553 1092 3639 audaciamque

49 3649 210 3727 pertimui,
230 3654 372 3717 nimium
397 3676 452 3716 me
475 3652 645 3728 timidum,
664 3653 791 3716 nullius
817 3653 937 3729 animi,
963 3654 1092 3717 nullius

52 3750 161 3827 consili
185 3754 289 3817 fuisse
310 3754 484 3817 confiteor.

90 3860 128 3910 1⁶·
151 3833 233 3916 Erat
249 3864 361 3931 autem
380 3852 463 3915 mihi
481 3851 650 3915 contentio
668 3874 735 3916 non
754 3874 831 3916 cum
849 3853 976 3917 victore
994 3873 1093 3916 exer-

55 3939 124 4022 cstu,
136 3954 193 4017 sed
211 3974 288 4018 cum
303 3952 416 4037 operis
429 3949 606 4016 conductis
619 3963 652 4015 et
665 3953 708 4015 ad
726 3952 953 4036 diripiendam
971 3953 1092 4016 urbem

55 4050 227 4119 concitatis.
278 4051 461 4116 Habebam
486 4051 664 4116 inimicum
689 4073 757 4116 non
781 4050 823 4116 C.
843 4051 1008 4127 Marium,
1027 4062 1093 4115 ter-
