2572 4442
206 332 271 398 130
342 359 346 363 ν
492 310 706 399 Conspiracy
730 310 778 397 os
796 308 979 377 Catilina.
1095 301 1222 373 [carn.
1242 302 1262 354 lt

203 535 286 580 casu
303 511 360 577 hic
376 511 450 579 dies
474 512 517 578 ad
543 510 713 577 aerarium
737 510 1020 603 freqpssuetaet,
1040 504 1152 572 video
1171 492 1262 579 abel

204 614 413 702 spectatione
436 612 534 678 sortis
550 612 764 775 aPaLu'tgm
786 630 1028 676 communem
1048 627 1132 672 esse
1150 584 1262 679 convei

204 737 273 781 sos.
331 731 374 778 is.
407 713 530 777 Omnis
555 712 565 775 i
593 733 785 798 genuorum
814 711 919 777 adest
949 707 1164 781 multitudo,
1192 705 1262 773 etiat

203 814 492 880 tenuissimorum.
544 811 634 897 Quis
658 823 709 876 est
732 812 823 876 enirn
841 812 901 877 cui
922 831 1001 875 non
1030 811 1127 873 haec
1148 806 1262 890 templi

205 927 363 999 aspectus
387 912 684 997 urbis,‚possessi0
708 912 887 986 libertatis,
917 911 987 975 lux
1015 907 1180 993 denique
1207 908 1262 969 hae

205 1015 280 1099 ipsa
303 1027 335 1078 et
355 1013 457 1101 [hoc]
478 1034 661 1077 commune
686 1013 815 1097 patriae
832 1012 884 1077 sol
918 1033 970 1086 rn,
993 1031 1082 1074 cum
1101 1008 1157 1072 'sit
1174 1026 1262 1070 carui

205 1125 276 1179 tum
293 1135 374 1179 vero
391 1114 492 1178 dulce
516 1123 615 1199 atque
629 1035 914 1276 jucundumcip

250 1233 329 1277 vm.
364 1212 502 1298 Operae
526 1213 672 1299 pretium
698 1223 760 1286 est,
779 1233 824 1297 pa
877 1233 893 1277 s
922 1206 1145 1293 conscripti,
1165 1206 1262 1270 libert

205 1335 327 1378 norum
352 1313 530 1378 hominurn
560 1310 931 1398 studia'cognoscere,
961 1310 1043 1396 qui,
1073 1328 1143 1374 sua
1169 1306 1262 1370 virtut

206 1413 376 1478 fortunam
395 1412 496 1500 hujus
511 1411 657 1477 civitatis
675 1410 869 1487 consecuti,
887 1411 998 1475 hanc·
1009 1429 1121 1474 suam
1140 1405 1262 1492 patriar

202 1513 372 1602 judicant,
383 1549 429 1560 -
441 1533 545 1599 quam
562 1511 702 1598 quidam
720 1511 776 1575 bic
788 1511 871 1586 nati,
887 1522 921 1575 et
936 1530 1089 1574 summo
1103 1509 1186 1572 loco
1203 1503 1263 1568 nati

207 1636 275 1701 non
292 1612 438 1699 patriam
463 1633 561 1676 suam
587 1612 648 1676 sed
668 1611 790 1675 urbem
816 1610 970 1674 bostium
992 1630 1078 1674 esse
1105 1606 1262 1695 judicave

207 1725 295 1777 runt.
345 1712 417 1779 Sed
441 1712 522 1798 quid
547 1732 613 1798 ego
639 1712 742 1775 hosce
767 1711 923 1775 homines
947 1709 1177 1793 ordinesque
1194 1723 1262 1768 com

208 1835 372 1888 memoro,
398 1834 484 1899 quos
509 1812 661 1896 privatae
683 1810 851 1884 fortunae,
877 1832 968 1896 quos
996 1805 1207 1874 communis
1230 1823 1262 1873 rei

207 1913 358 1998 publica,
376 1934 462 1998 quos
479 1911 627 1998 denique
644 1911 795 1982 libertas,
814 1930 855 1975 ea
872 1932 965 1995 quae
984 1906 1201 1974 dulcissima
1217 1912 1262 1971 est

208 2013 251 2078 ad
276 2012 383 2076 salute
413 2082 418 2091 ,
445 2012 574 2096 patriae
598 2010 851 2075 defendendam
879 2007 1087 2074 excitavit?
1150 2005 1262 2070 Servus

207 2123 258 2177 est
274 2034 466 2196 nemussibi
488 2111 591 2174 modo
607 2110 773 2174 tolerabili
798 2109 1006 2174 condicione
1025 2108 1056 2173 si
1089 2102 1262 2173 servitutis,

207 2212 351 2298 quinon
376 2210 558 2276 audaciam
584 2209 708 2274 civium
733 2204 896 2296 perhdrre
978 2257 987 2285 ‚
1009 2231 1073 2296 qur
1101 2228 1174 2271 non
1192 2205 1262 2267 haer

208 2324 297 2378 stare
315 2311 441 2395 cupiat,
456 2310 514 2396 qui
531 2331 599 2374 non
616 2321 781 2395 quantum
805 2381 819 2393 ⁸
846 2376 897 2401 w
918 2320 951 2374 et
967 2321 1148 2396 quantum
1166 2308 1262 2389 potest

97 2484 100 2493 Ἰ
141 2412 147 2429 “
174 2426 179 2435 ‘
208 2411 360 2476 conferat
384 2411 428 2475 ad
452 2410 596 2475 salutern
618 2397 1025 2494 voluntatis.*'1t.0„ua
1051 2430 1091 2473 re
1117 2406 1262 2490 siquem

94 2500 97 2507 ’
207 2523 356 2608 va
382 2512 467 2574 forte
492 2520 684 2574 commovet
724 2496 778 2584 oc]
798 2510 890 2596 quod
913 2510 1075 2574 auditum
1094 2518 1160 2581 est,
1179 2505 1262 2567 leno·

207 2600 287 2677 nem
311 2612 483 2696 quendam
511 2609 650 2674 Lentuli
683 2629 888 2674 concursare
921 2609 1056 2674 circum
1093 2608 1259 2672 tabernas,

208 2711 316 2799 pretio
332 2732 471 2795 sperare
487 2709 662 2775 sollicitari
680 2731 781 2795 posse
807 2709 940 2775 animos
964 2708 1149 2797 egentium
1168 2714 1257 2786 atque

208 2810 454 2898 imperitorum,
469 2822 574 2876 -est
590 2809 626 2874 id
649 2809 787 2896 quidem
813 2821 972 2893 coeptum
997 2820 1106 2894 atque
1123 2810 1258 2888 tempta·

208 2921 300 2985 tum;
326 2910 386 2976 sed
403 2909 487 2974 nulli
514 2922 592 2975 sunt
608 2909 735 2973 inventi
757 2920 826 2972 tam
844 2918 903 2972 aut
918 2907 1057 2973 fortuna
1075 2902 1192 2970 miseri
1208 2905 1255 2962 aut

208 3013 382 3078 voluntate
406 3009 540 3095 perditi,
566 3008 624 3094 qui
658 3030 727 3073 non
751 3008 848 3072 illum
881 2975 1140 3093 ipsuffiellae
1165 3014 1262 3086 atque

207 3102 321 3197 ‘operis
346 3122 391 3189 et„
399 3120 562 3197 quaestus
587 3108 747 3173 cotidiani
773 3109 899 3217 Qu,
918 3109 975 3194 qui
1000 3103 1254 3196 nonpqqlssissac

209 3212 370 3276 lectulum
389 3231 500 3283 suum,
519 3208 577 3296 qui
600 3208 748 3294 denique
764 3230 832 3273 non
850 3228 986 3274 cursum
1004 3194 1254 3283 huncoffium

209 3312 298 3374 vitae
322 3330 405 3373 suae
430 3310 564 3375 salvum
587 3330 663 3374 esse
687 3309 805 3423 Qu.
865 3307 977 3373 Multo
1001 3330 1084 3374 vero
1111 3301 1250 3370 maxima

210 3430 290 3495 pars
306 3430 422 3474 eorum
446 3409 502 3496 qui
519 3409 555 3474 in
572 3408 721 3474 tabernis
738 3420 827 3485 sunt,
846 3409 952 3473 immo
968 3431 1049 3475 vero
1061 3406 1152 3471 -id
1168 3398 1250 3466 enim

210 3509 321 3595 potius
338 3518 388 3573 est
404 3509 642 3575 dicendum—
652 3530 763 3596 genus
785 3510 852 3574 hoc
867 3509 1078 3586 universum,
1096 3496 1247 3605 affl·

210 3610 409 3700 SileeSi
429 3609 490 3703 qp.
554 3608 689 3673 Etenim
722 3630 823 3674 omne
847 3608 1121 3680 instrumentum,
1147 3612 1247 3667 omnls

209 3729 314 3795 opera
340 3719 440 3794 atque
472 3720 633 3794 quaestus
662 3708 852 3795 frequentia
884 3708 1009 3774 civium
1037 3710 1242 3774 sustentatur,

210 3811 310 3875 alitur
325 3809 414 3875 otio:
437 3830 581 3900 quorum
599 3807 626 3872 si
643 3820 804 3894 quaestus
821 3809 968 3874 occlusis
985 3805 1132 3875 tabernis
1148 3787 1244 3864 minui

210 3910 308 3999 solet,
325 3908 408 3994 quid
425 3908 564 3971 tandem
580 3906 729 3972 incensis
746 3908 895 3972 futurum
912 3907 1004 3973 suit?
1231 3985 1237 3998 ι

210 4005 294 4070 ’Ἱεῖ
320 4007 421 4092 Quae
438 4027 517 4071 cum
533 4005 579 4069 ita
596 4005 673 4082 sint,
688 4017 801 4092 patres
818 4008 1013 4094 conscripti,
1027 4005 1121 4074 vobis
1136 3989 1240 4090 popuh
