2722 4438
229 267 292 335 162
480 268 627 335 Cr'cero’s
650 269 758 336 Exr'le
781 272 855 336 and
874 271 1042 338 Return.
1140 270 1290 343 [Sssstws

226 470 270 536 ad
287 469 393 556 pedes
411 469 574 559 abjectus.
624 469 687 536 Ille
704 492 741 537 se
759 472 947 538 adfirmare
973 483 1119 559 postero
1144 473 1202 539 die
1227 498 1292 541 mo-

224 592 297 635 ram
315 571 445 634 nullam
463 592 538 636 esse
555 570 735 636 facturum.
783 572 969 639 Creditum
996 586 1073 638 est:
1103 574 1291 641 discessum

224 683 286 735 est.
336 669 390 733 llti
409 670 538 735 interea
558 671 775 738 deliberatori
794 695 941 750 merces,
962 675 1079 762 longa
1096 673 1291 760 interposita

223 781 335 845 nocte,
366 770 538 854 duplicata
570 783 632 835 est.
682 770 868 838 Consecuti
900 774 980 840 dies
1015 774 1126 860 pauci
1159 775 1291 839 omnino

218 869 385 955 Januario
409 890 528 934 mense
552 891 613 955 per
637 893 722 957 quos
739 886 897 939 senatum
915 874 1048 940 haberi
1066 874 1212 939 liceret:
1237 876 1290 939 sed

222 980 336 1033 tamen
355 979 468 1031 actum
485 968 570 1032 nihil
587 970 651 1035 nisi
669 972 711 1036 de
729 994 796 1037 me.

266 1082 312 1130 ³8.
336 1065 426 1131 Cum
445 1068 539 1133 omni
557 1091 665 1148 mora,
684 1072 929 1152 ludificatione,
950 1074 1141 1151 calumnia
1159 1084 1289 1140 senatus

223 1167 404 1232 auctoritas
433 1168 667 1255 impediretur,
690 1174 783 1237 venit
810 1176 951 1240 tandem
983 1174 1145 1240 concilio
1175 1175 1218 1239 de
1242 1195 1287 1236 me

223 1267 350 1355 agendi
367 1268 440 1334 dies
457 1289 536 1334 v111.
557 1270 738 1338 Kalendas
762 1273 988 1341 Februarias.
1043 1274 1219 1358 Princeps
1242 1294 1286 1336 ro·

221 1369 382 1456 gutionis,
400 1370 452 1435 vir
469 1371 552 1435 mihi
570 1372 811 1449 amicissimus,
832 1372 885 1458 Q.
898 1375 1107 1451 FabriciuS,
1127 1373 1283 1457 templum

222 1469 396 1556 aliquanto
414 1484 491 1536 ante
507 1472 619 1536 lucem
640 1473 830 1558 occupavit.
880 1473 1035 1559 Quietus
1062 1496 1106 1539 eo
1132 1472 1190 1538 die
1215 1470 1282 1536 Ses-

220 1570 299 1646 tius,
315 1571 343 1636 is
356 1571 414 1658 qui
427 1583 477 1637 est
493 1572 583 1637 de
552 1594 584 1635 vr
602 1593 701 1637 reus:
723 1584 778 1637 act
778 1595 817 1638 or
765 1573 890 1639 thic
906 1575 1150 1662 defensorque
1168 1591 1281 1636 causae

222 1693 319 1737 meae
337 1673 422 1736 nihil
439 1673 675 1761 progreditur3
702 1673 845 1738 consilia
863 1686 1048 1759 exspectat
1069 1672 1278 1738 inimicorum
1302 1700 1303 1747 r

222 1793 386 1837 meorum.
451 1771 546 1857 Quid
574 1772 636 1847 illi,
666 1795 812 1858 quorum
841 1774 985 1839 consilio
1015 1774 1060 1838 P.
1091 1769 1259 1838 Sestius
1252 1790 1277 1831 rn

218 1870 385 1959 judicium
403 1885 556 1948 vocatur,
575 1894 643 1958 quo
660 1894 697 1937 se
704 1885 814 1958 pacto
838 1873 986 1960 gerunt?
1038 1873 1136 1939 Cum
1162 1871 1274 1941 sorum,

222 1973 409 2046 comitium,
434 1972 564 2036 curiam
593 1974 698 2036 multa
723 1973 766 2037 de
790 1984 890 2037 nocte
915 1974 1061 2038 armatis
1087 1969 1275 2036 hominibus

222 2091 263 2134 ac
287 2073 394 2137 servis
418 2073 589 2159 plerisque
613 2072 887 2157 occupavissent,
907 2072 1091 2168 impetum
1104 2066 1303 2135 faciuntin

221 2169 439 2249 Fabricium3
465 2194 587 2237 manus
607 2172 777 2246 adferunt,
795 2172 956 2236 occidunt
972 2195 1044 2238 non
1065 2172 1195 2244 nullos,
1213 2165 1302 2247 vol

221 2284 342 2336 nerant
365 2274 508 2337 multos.
549 2288 595 2335 ss.
618 2271 856 2336 Venientem
848 2293 883 2335 1n
907 2271 1035 2350 forum,
1058 2272 1173 2336 virum
1198 2263 1302 2399 opti-p

221 2392 313 2435 mum
328 2384 361 2436 et
374 2372 697 2448 constantissimum
711 2371 763 2435 M.
778 2370 947 2457 Cispium,
960 2373 1142 2437 tribunum
1156 2340 1302 2455 plebis,
1300 2408 1302 2419 ,

219 2470 252 2533 vi
271 2473 466 2555 depellunt.
491 2473 661 2537 caedem
653 2494 688 2535 m
712 2471 784 2536 soro
809 2471 997 2535 maximam
1022 2472 1180 2536 faciunt:
1204 2462 1268 2529 uni·

218 2572 390 2658 versique,
412 2572 578 2638 destrictis
603 2572 729 2660 gladiis
750 2582 783 2636 et
799 2572 961 2646 cruentis,
980 2572 1015 2635 in
1033 2572 1199 2638 omnibus
1214 2560 1302 2633 sori

219 2672 372 2755 partibus
396 2672 533 2737 fratrem
558 2694 671 2736 meum
696 2672 826 2759 [virum
849 2671 1028 2756 optimum,
1051 2646 1302 2745 fortissimum

219 2773 353 2858 meique
371 2772 661 2860 amantissimum]
681 2772 790 2837 oculis
806 2772 1031 2857 quaerebant,
1050 2791 1139 2837 voce
1157 2776 1302 2854 posce

217 2873 310 2937 bant.
361 2871 518 2958 Quorum
533 2873 591 2936 ille
603 2872 678 2936 telis
691 2872 835 2936 libente-r
851 2871 885 2934 in
903 2882 996 2937 tanto
1013 2874 1109 2937 luctu
1127 2891 1169 2933 ac
1184 2861 1263 2932 desi·
1297 2904 1302 2963 t

217 2973 311 3037 derio
325 2995 391 3036 mer
384 2971 493 3059 [non
507 2971 737 3059 repugnandi,
751 2971 811 3035 sed
825 2972 992 3036 moriendi
1005 2970 1132 3058 causa]
1148 2980 1298 3057 corpus

215 3075 393 3139 obtulisset
408 3094 521 3146 suurn,
540 3070 603 3135 nisi
621 3092 720 3135 suam
737 3071 840 3140 vitam
858 3071 902 3135 ad
927 3093 1024 3156 spem
1049 3072 1118 3137 mei
1142 3064 1300 3133 reditus

216 3185 435 3238 reservasset.
472 3170 584 3237 Subiit
595 3182 709 3235 tamen
721 3170 790 3234 vim
804 3170 838 3233 ill
843 3191 898 3233 am
912 3171 1080 3236 nefariam
1094 3150 1298 3261 consede-J

216 3286 365 3338 ratorum
381 3274 564 3347 latronum,
583 3283 627 3347 et,
646 3291 724 3334 cum
743 3270 787 3334 ad
804 3269 916 3335 fratris
932 3271 1077 3336 salutem
1095 3294 1116 3336 a
1139 3216 1301 3381 popuIOi

216 3373 377 3439 Romano
400 3372 654 3458 deprecandam
673 3370 834 3445 venisset,
853 3372 972 3455 pulsus
989 3393 1007 3436 e
1025 3372 1141 3437 rostris
1158 3368 1191 3432 in
1206 3380 1255 3426 co·
1292 3376 1298 3495 p

216 3474 309 3538 mitio
322 3474 441 3560 jacuit,
460 3494 565 3560 seque
581 3493 757 3537 servorum
779 3482 814 3535 et
841 3470 1037 3536 libertorum
1067 3463 1296 3555 corporibus

214 3573 355 3648 obtexit,
373 3572 545 3658 vitamque
557 3583 629 3636 tum
647 3592 743 3636 suam
761 3569 869 3635 noctis
892 3580 925 3634 et
948 3570 1052 3658 sugae
1077 3548 1298 3663 praesidio,
1296 3632 1298 3663 r

214 3669 845 3761 nonJurrsJudrcrorumquedesendrt
881 3670 1246 3735 40.Mem1n1sttstumr
1296 3690 1297 3703 ³

219 3774 367 3862 judices,
388 3772 586 3856 corporibus
610 3771 735 3835 civrum
759 3770 913 3835 Tiberim
931 3770 1109 3857 compleri,
1126 3769 1248 3834 cloacas

213 3872 380 3946 resarciri,
398 3892 417 3935 e
434 3870 506 3935 soro
523 3870 677 3956 spongiis
700 3870 817 3957 effingi
841 3871 1059 3958 sanguinem,
1083 3883 1120 3936 ut
1141 3875 1245 3934 ornnes

212 3980 341 4034 tantam
372 3970 467 4035 illam
495 3969 630 4054 copiam
657 3979 691 4035 et
717 3981 786 4033 tam
811 3969 1033 4057 magnificum
1059 3974 1244 4058 apparatum

1224 4354 1300 4428 Α
