2722 4438
147 239 211 328 248
354 237 426 306 The
448 237 620 328 Struggle
643 241 783 326 against
804 237 959 327 Antony.
1000 235 1098 306 [ΡΜ
1112 236 1195 292 xlv.

145 440 391 506 aut.videbunt
413 450 564 506 vestrum
588 439 836 504 monimentum
860 450 920 503 aut
943 437 1094 509 audient,
1116 458 1200 524 graf

144 539 294 605 tissimus
311 561 422 604 sermo
440 538 653 605 conticescet.
700 538 752 603 Ita
768 560 830 624 pro
847 537 981 603 mortali
994 536 1197 602 condicione

145 640 234 706 vitae
251 639 538 704 immortalitatem
556 638 635 702 estis
653 638 838 704 consecuti.
1163 691 1166 699 .

190 760 270 805 x111.
311 757 358 804 aa.
404 737 476 804 Sed
500 735 1036 825 quoniam‚'patresconscripti,
1062 735 1197 822 gloriae

146 862 270 906 munus
286 839 422 926 optimis
439 851 472 904 et
488 837 679 903 fortissimis
697 838 828 904 civibus
845 835 1044 901 monimenti
1066 836 1197 900 bonore

146 941 360 1026 persolvitur,
387 938 604 1005 consolemur
632 958 750 1002 eorum
775 936 962 1022 proximos,
986 934 1110 1020 quibus
1134 956 1197 1020 op-

145 1041 228 1106 tima
258 1051 310 1106 est
336 1042 424 1105 haec
451 1039 590 1125 quidem
618 1037 825 1102 consolatio:
859 1034 1071 1120 parentibus,
1103 1034 1198 1120 quod

145 1152 239 1206 tanta
260 1140 309 1205 rei
335 1140 493 1226 publicae
518 1136 691 1225 praesidia
716 1145 930 1225 genuerunt3
955 1133 1084 1211 liberis,
1102 1135 1198 1220 quod

146 1240 321 1305 habebunt
359 1238 546 1305 domestica
585 1238 746 1322 exempla
783 1235 935 1310 virtutis3
975 1235 1196 1322 conjugibuS,

145 1341 237 1427 quod
264 1340 314 1405 eis
345 1340 426 1406 viris
458 1338 635 1414 carebunt,
653 1358 739 1424 quos
769 1337 912 1401 laudare
943 1354 1047 1422 quam
1074 1336 1197 1421 lugere

145 1440 331 1525 praestabit
341 1463 350 1515 ;
384 1440 556 1515 fratribus,
573 1439 665 1524 quod
682 1437 717 1502 in
734 1457 771 1502 se
787 1447 824 1501 ut
842 1456 1036 1521 corporum,
1055 1434 1105 1500 sic
1128 1436 1198 1499 vir·

145 1552 252 1604 tutum
284 1539 541 1605 similitudinem
573 1559 648 1605 esse
680 1538 864 1603 confident.
912 1534 1028 1622 Atque
1061 1535 1197 1602 utinam

145 1640 199 1706 his
223 1639 382 1706 omnibus
406 1641 602 1726 abstergere
627 1637 743 1702 fletum
763 1636 938 1702 sententiis
966 1635 1088 1701 nostris
1113 1657 1197 1702 con·

146 1741 309 1828 sultisque
332 1763 524 1828 possemus,
542 1741 598 1805 vel
616 1739 729 1826 aliqua
754 1739 831 1804 talis
856 1738 906 1803 eis
930 1738 1084 1804 adhiberi
1109 1739 1196 1824 pub-

146 1841 211 1906 lice
241 1853 356 1927 posset
381 1841 501 1917 oratio,
531 1862 599 1927 qua
630 1840 841 1925 deponerent
872 1859 1060 1904 maerorem
1092 1849 1196 1927 atque

145 1941 287 2016 luctum,
306 1941 564 2028 gauderentque
583 1941 707 2026 potiuS,
723 1940 801 2005 cum
826 1939 933 2003 multa
956 1950 989 2003 et
1012 1938 1107 2003 varia
1131 1939 1197 2003 im·

144 2040 333 2124 penderent
363 2040 558 2105 hominibus
588 2061 719 2127 genera
750 2039 879 2114 mortis,
906 2039 941 2104 id
966 2060 1077 2127 genus
1102 2039 1196 2125 quod

145 2150 234 2203 esset
249 2138 517 2224 pulcherrimum
533 2140 603 2205 suis
620 2139 797 2227 obtigisse,
812 2159 939 2224 eosque
956 2159 1020 2203 nec
1036 2139 1197 2204 inhuma-

144 2249 196 2303 tos
221 2258 296 2303 esse
321 2259 386 2303 nec
410 2238 576 2314 desertos,
594 2240 685 2326 quod
713 2250 828 2304 tamen
856 2237 968 2324 ipsum
996 2259 1058 2324 pro
1083 2238 1195 2325 patria

144 2358 213 2402 non
238 2338 470 2403 miserandum
496 2348 644 2423 putatur,
662 2359 727 2404 nec
754 2338 917 2425 dispersis
940 2338 1047 2404 bustis
1073 2339 1195 2404 humili

143 2438 316 2521 sepultura
349 2448 530 2513 crematos,
558 2439 619 2504 sed
651 2450 822 2504 contectos
854 2438 1000 2523 publicis
1033 2440 1195 2524 operibus

144 2548 244 2623 atque
273 2537 483 2613 muneribus,
502 2558 611 2624 eaque
638 2538 866 2604 exstructione
891 2559 979 2625 quae
997 2539 1038 2604 sit
1054 2540 1100 2604 ad
1124 2561 1197 2605 me·

143 2636 288 2703 moriam
312 2637 519 2704 aeternitatis
542 2659 602 2702 ara
620 2638 775 2704 Virtutis.
824 2654 870 2703 ³5.
911 2637 1028 2724 Qum
1052 2639 1096 2706 ob
1121 2661 1196 2705 rem

143 2737 333 2802 maximum
356 2738 493 2824 quidem
519 2737 684 2804 solacium
700 2740 763 2805 erit
778 2740 1046 2826 propinquorum
1070 2741 1196 2806 eodem

143 2838 351 2903 monimento
379 2837 546 2903 declarari
573 2849 607 2904 et
636 2838 794 2905 virtutem
826 2862 978 2917 suorum,
1012 2852 1045 2906 et
1074 2840 1196 2927 populi

142 2937 294 3002 Romani
322 2937 496 3024 pietatem,
526 2950 560 3004 et
590 2950 728 3009 senatus
755 2941 873 3017 fidem,
900 2953 934 3008 et
965 2940 1195 3008 crudelissimi

141 3037 342 3103 memoriam
360 3038 463 3104 belli:
495 3038 617 3126 inquo
636 3040 702 3106 nisi
721 3052 815 3107 tanta
836 3042 981 3109 militum
1006 3042 1112 3108 virtus
1132 3063 1194 3106 ex-

69 3147 72 3154 ’
142 3138 290 3213 stifisset,
309 3138 492 3223 parricidio
515 3139 568 3203 M.
594 3137 722 3206 Antoni
747 3163 873 3208 nomen
897 3143 1014 3230 populi
1039 3140 1194 3209 Romani

141 3237 330 3303 occidisset.
391 3237 506 3326 Atque
537 3239 640 3306 etiam
675 3262 812 3318 censeo,
846 3255 960 3328 patres
992 3241 1191 3327 conscripti,

56 3422 60 3431 ¹
142 3355 230 3421 quae
261 3339 414 3422 praemia
446 3340 607 3406 militibus
639 3342 858 3425 promisimus
889 3365 951 3409 nos
983 3364 1020 3408 re
1052 3342 1194 3428 publica

141 3448 341 3520 recuperata
356 3439 550 3516 tributuros,
569 3461 610 3506 ea
626 3440 714 3506 vivis
729 3442 982 3529 victoribusque
1002 3442 1191 3514 cumulate,

141 3553 220 3599 cum
245 3545 380 3620 tempus
404 3539 547 3615 venerit,
566 3541 813 3625 persolvenda3
847 3542 903 3628 qui
930 3554 1043 3607 autem
1069 3562 1114 3606 ex
1140 3539 1192 3603 eis

141 3635 264 3721 quibus
280 3634 339 3699 illa
355 3638 524 3721 promissa
541 3653 620 3705 sunt
637 3662 698 3725 pro
715 3640 824 3726 patria
840 3642 1050 3715 oeciderunt,
1069 3659 1191 3704 eorum

141 3733 351 3820 parentibus,
370 3735 499 3814 liberis,
518 3738 735 3827 conjugibus,
754 3738 913 3806 fratribus
936 3740 1059 3807 eadem
1083 3737 1193 3804 tribu·

141 3834 232 3901 enda
247 3853 383 3905 censeo.
