2722 4438
33 216 35 343 i
77 260 203 333 -1v.10.]
291 260 414 327 Death
439 261 486 348 of
506 261 631 329 Public
650 262 813 329 Enerm‘es
827 265 985 354 Lawsul.
1101 283 1164 354 173
1225 234 1230 239 ²

82 472 206 558 capite
233 471 334 537 vidit
356 470 409 535 M.
430 471 564 547 Horati,
583 472 756 538 fortissimi
779 475 855 551 viri,
874 477 931 562 qui
955 478 1107 543 nondum
1126 478 1166 543 li-

82 574 172 638 bera
200 571 369 646 civitate,
387 583 502 635 tamen
527 573 643 658 popuii
668 573 819 638 Romani
836 576 980 642 comitiis
1004 579 1164 643 liberatus

83 687 150 746 est,
172 685 267 737 curn
287 691 355 757 sua
372 691 477 735 manu
494 693 646 736 sororem
664 694 739 738 esse
756 674 968 739 interfectam
990 676 1161 743 fateretur.

33 774 36 823 ἰ
85 783 111 830 s.
135 771 203 837 An
231 782 294 837 est
320 770 501 856 quisquam
522 773 579 857 qui
602 773 668 837 hoc
683 773 830 860 ignoret,
849 795 927 838 curn
956 777 999 841 de
1026 777 1165 843 homine

86 873 209 937 occiso
228 883 441 957 quaeratur,
457 883 515 935 aut
531 872 651 959 negari
668 874 777 937 solere
793 875 932 940 omnino
949 897 1024 940 esse
1038 876 1165 940 factum

90 984 148 1038 aut
165 985 272 1036 recte
293 982 330 1034 et
353 970 430 1058 jure
447 971 575 1042 facturn
601 991 676 1035 esse
694 971 831 1037 defendi
851 972 865 1037 i
911 974 989 1040 Nisi
1008 997 1090 1040 vero
1107 998 1166 1040 ex-

33 1064 37 1173 i
90 1071 261 1136 istimatis
291 1071 490 1135 dementem
515 1069 555 1135 P.
586 1068 790 1134 Africanum
813 1070 930 1148 fuisse,
960 1073 1018 1160 qui
1042 1095 1165 1139 cuma

34 1186 36 1233 1,
92 1170 135 1236 C.
154 1169 339 1236 Carbone
359 1170 513 1257 [tribuno
535 1170 644 1254 plebis
669 1170 846 1257 seditiose]
874 1172 909 1235 in
933 1174 1090 1241 contione
1115 1174 1166 1238 in-

33 1256 35 1347 i
93 1281 344 1357 terrogaretur
369 1270 451 1356 quid
476 1270 519 1335 de
542 1269 599 1333 Ti.
630 1270 780 1334 Gracchi
805 1283 912 1336 morte
937 1273 1086 1349 sentiret,
1113 1295 1166 1338 re·

34 1358 36 1431 ’ξ
96 1372 285 1457 sponderit
308 1370 386 1458 jure
403 1377 543 1436 caesum
559 1370 679 1435 videri.
728 1370 853 1458 Neque
870 1373 961 1437 enim
978 1386 1092 1459 posset
1109 1385 1168 1441 aut

95 1471 217 1536 Ahala
244 1472 311 1535 ille
337 1469 517 1546 Servilius,
536 1481 593 1535 aut
617 1469 657 1534 P.
684 1470 827 1547 Nasica,
850 1484 907 1537 aut
929 1472 973 1536 L.
993 1472 1164 1558 Opimius,

99 1585 155 1637 aut
179 1571 229 1638 C.
250 1570 408 1645 Marius,
430 1582 488 1635 aut
511 1592 566 1636 me
590 1572 731 1636 consule
755 1583 906 1647 senatus,
926 1595 993 1638 non
1016 1573 1166 1638 nefarius

98 1672 237 1748 haberi,
255 1672 287 1737 si
316 1673 500 1737 sceleratos
516 1671 600 1738 civis
623 1671 768 1737 interfici
784 1673 881 1737 nefas
897 1684 997 1737 esset.
1047 1673 1167 1760 Itaque

101 1773 179 1850 hoc,
202 1773 363 1862 judices,
387 1794 457 1838 non
478 1773 551 1838 sine
574 1794 678 1838 causa
697 1773 803 1849 ,etiam
829 1772 915 1838 fictis
940 1772 1064 1839 sabulis
1087 1775 1167 1839 doc-

102 1874 225 1940 tissimi
251 1864 415 1940 homines
438 1873 623 1938 memoriae
639 1873 873 1958 prodiderunt,
892 1895 971 1938 eum
987 1874 1045 1960 qui
1062 1874 1166 1959 patris

106 1975 305 2042 ulciscendi
323 1995 429 2039 causa
446 1985 588 2039 matrem
605 1974 809 2049 necavisset,
827 1974 966 2040 variatis
989 1976 1168 2040 hominum

34 2088 38 2095 ”
107 2077 304 2150 sententiiS,
323 2097 392 2140 non
415 2076 525 2140 solum
549 2074 678 2151 divina,
692 2076 752 2140 sed
769 2076 870 2140 etiarn
896 2075 1168 2162 sapientissimae

107 2177 193 2242 deae
205 2177 380 2243 sententia
392 2177 583 2241 liberatum.
626 2189 654 2236 9.
679 2175 784 2262 Quod
798 2176 825 2241 si
840 2177 1019 2241 duodecim
1032 2179 1168 2242 tabulae

37 2278 40 2343 i
108 2289 321 2342 nocturnum
347 2278 457 2342 furem
476 2298 613 2363 quoquo
630 2278 744 2352 modu,
764 2277 923 2341 diurnum
941 2288 1068 2352 autem,
1087 2277 1114 2342 si
1132 2298 1169 2342 se

112 2378 175 2442 telo
204 2377 424 2451 defenderet,
451 2376 594 2442 interfici
623 2378 763 2461 impune
790 2365 983 2452 voluerunt,
1012 2377 1089 2463 quis
1120 2387 1171 2442 est

33 2482 40 2541 ἲ.
111 2477 180 2560 qui,
197 2497 345 2564 quoquo
362 2476 463 2540 modo
483 2477 558 2561 quis
580 2476 777 2541 interfectus
802 2477 856 2550 sit,
874 2477 1086 2562 puniendum
1109 2498 1171 2561 pu·

113 2584 167 2651 tet,
182 2598 265 2642 cum
285 2576 400 2641 videat
417 2575 601 2661 aliquando
623 2576 778 2661 gladium
799 2578 897 2641 nobis
924 2577 969 2641 ad
995 2577 1170 2642 hominem

39 2714 40 2727 2
112 2677 345 2742 occidendum
362 2677 405 2740 ab
421 2674 504 2760 ipsis
521 2674 650 2761 porrigi
667 2675 815 2761 legibus.

157 2795 207 2839 1v.
235 2777 347 2862 Atqui
363 2775 391 2841 si
408 2786 542 2858 tempus
559 2786 609 2839 est
624 2775 732 2838 ullum
745 2774 822 2861 jure
838 2773 987 2840 hominis
1009 2777 1169 2850 necandi,

33 2902 39 2907 *¹
114 2893 201 2958 quae
227 2877 338 2941 multa
363 2886 452 2949 sunt,
472 2886 562 2938 certe
586 2873 670 2938 illud
686 2884 738 2938 est
753 2895 822 2939 non
839 2875 940 2940 modo
952 2874 1095 2963 justum,
1114 2897 1171 2939 ve·

118 2993 189 3038 rum
215 2977 320 3041 etiam
345 2974 591 3048 necessarium,
611 2994 689 3037 cum
714 2973 747 3037 vi
771 2975 822 3038 vis
840 2973 944 3039 inlata
964 2974 1168 3039 defenditur.

40 3154 41 3157 Ἴ
118 3069 324 3140 Pudicitiam
353 3095 431 3139 eum
467 3073 613 3159 eriperet
641 3073 738 3138 militi
766 3074 920 3138 tribunus
953 3074 1107 3138 militaris
1135 3075 1171 3138 in

35 3194 39 3225 τ
121 3176 270 3240 exercitu
296 3174 339 3240 C.
360 3173 463 3248 Mari,
482 3173 694 3259 propinquus
719 3173 793 3260 ejus
820 3173 1047 3257 imperatoris,
1070 3173 1172 3240 inter·

33 3292 36 3299 ⁴
122 3269 225 3338 sectus
243 3276 288 3340 ab
305 3296 346 3340 eo
362 3285 425 3348 est,
440 3273 496 3338 cui
512 3274 582 3337 vim
600 3271 787 3338 adferebat.
838 3271 970 3336 Facere
986 3272 1076 3336 enirn
1096 3296 1172 3358 pro·

33 3378 39 3407 '³
124 3366 183 3435 bus
199 3375 404 3439 adulescens
418 3373 609 3458 periculose
621 3392 724 3458 quam
739 3371 868 3456 perpeti
881 3368 1022 3456 turpiter
1038 3372 1169 3438 maluit.
1205 3370 1209 3381 ¹

126 3465 233 3554 Atque
258 3475 350 3538 hunc
374 3473 431 3536 ille
456 3494 610 3536 summus
634 3471 686 3534 vir
704 3471 834 3535 scelere
855 3472 1002 3536 solutum
1020 3473 1172 3558 periculo

128 3563 286 3636 liberavit.
346 3589 389 3635 ιο.
415 3571 610 3637 Insidiatori
634 3592 715 3634 vero
740 3581 773 3634 et
796 3571 919 3635 latroni
947 3592 1035 3658 quae
1064 3584 1173 3657 potest

128 3660 237 3732 inferri
253 3671 376 3759 injusta
393 3693 461 3736 nex
479 3670 493 3736 i
542 3669 636 3755 Quid
653 3669 832 3734 comitatus
854 3672 971 3744 nostri,
991 3671 1073 3757 quid
1098 3672 1173 3758 gia·

132 3760 173 3824 dii
195 3770 339 3835 volunt?
364 3793 449 3857 quos
475 3771 600 3834 habere
625 3781 716 3833 certe
741 3790 809 3833 non
833 3769 962 3842 liceret,
980 3772 1008 3835 si
1033 3772 1081 3834 uti
1105 3770 1172 3833 illis

133 3862 219 3927 nulio
235 3881 332 3951 pacto
347 3871 491 3933 liceret·
513 3868 575 3932 Est
590 3868 694 3954 igitur
711 3868 809 3937 haec,
822 3868 968 3953 judices,
981 3890 1049 3931 non
1066 3867 1173 3950 scrip·
1279 3931 1285 3939 ,

34 4022 35 4025 ,
136 3962 177 4032 ia,
201 3967 257 4032 sed
280 3981 359 4034 nata
386 3970 464 4044 lex3
504 3988 608 4055 quarn
640 3987 708 4031 non
739 3966 935 4041 didicimus,
961 3965 1176 4048 accepimus,-

33 4098 35 4137 i

33 4140 34 4169 t
