2722 4438
108 291 170 333 rxu.
182 276 238 346 58.]
355 277 438 365 Why
467 277 608 344 Clodius
631 285 704 344 was
727 279 897 365 defeated.
1084 301 1145 371 191

106 479 147 546 sic
161 489 233 544 erat
249 499 412 566 umquam
429 500 498 544 non
514 489 652 564 paratus
669 478 756 546 Milo
770 491 886 546 contra
902 479 1011 556 illum,
1026 490 1063 545 ut
1078 502 1148 546 non

108 581 177 646 satis
204 579 275 644 fere
303 590 393 644 esset
420 592 570 665 paratus.
619 578 765 666 Semper
797 580 890 669 [ille]
923 591 956 645 et
982 592 1147 666 quantum

106 681 271 745 interesset
287 679 328 744 P.
347 678 448 745 Clodi
466 702 501 745 se
519 680 642 765 perire,
662 691 695 745 et
717 692 843 767 quanto
868 680 917 744 illi
940 679 1018 745 odio
1043 692 1144 756 esset,

104 792 132 844 et
159 792 324 866 quantum
355 781 413 846 ille
444 784 586 846 auderet
613 781 796 869 cogitabat.
858 779 974 865 Quam
1002 780 1046 846 ob
1074 802 1147 845 rem

103 882 198 946 vitam
227 903 339 959 suam,
369 904 473 970 quam
501 883 661 948 maximis
688 882 850 968 praemiis
878 882 1087 969 propositam
1115 892 1148 947 et

101 1004 205 1068 paene
225 984 401 1048 addictam
426 984 567 1058 sciebat,
588 1004 776 1069 numquam
800 983 836 1047 in
859 984 1048 1068 periculum
1073 983 1147 1048 sine

101 1084 266 1169 praesidio
294 1095 328 1149 et
355 1084 428 1149 sine
456 1083 609 1149 custodia
637 1084 835 1169 proiciebat.
896 1083 999 1150 Adde
1031 1105 1145 1160 casus,

101 1184 184 1249 adde
212 1185 358 1250 incertos
387 1184 497 1249 exitus
525 1205 721 1271 pugnarum
749 1183 967 1271 Martemque
995 1206 1148 1250 commu-

99 1306 188 1360 nem,
207 1284 265 1371 qui
283 1305 386 1369 saepe
403 1284 603 1369 spoliantem
624 1284 697 1371 jam
722 1296 755 1349 et
778 1284 1005 1349 exsultantem
1029 1283 1148 1353 evertit

98 1395 128 1448 et
143 1384 288 1470 perculit
304 1385 347 1449 ab
361 1383 493 1472 abjecto
506 1406 514 1445 ε
535 1384 623 1449 adde
636 1382 806 1448 inscitiam
819 1384 948 1468 pransi,
964 1383 1046 1469 poti,
1060 1383 1148 1449 osci·

96 1485 197 1549 tantis
214 1484 324 1559 ducis,
342 1483 491 1570 quicum
509 1504 529 1547 a
548 1495 645 1571 tergo
669 1485 801 1548 hostem
825 1484 1045 1548 interclusum
1070 1483 1148 1547 reli·

97 1585 237 1669 quisset,
258 1583 343 1647 nihil
366 1585 409 1647 de
434 1585 506 1671 ejus
531 1584 691 1648 extremis
715 1580 893 1648 comitibus
918 1583 1091 1670 cogitavit,
1112 1582 1148 1647 in

95 1705 182 1768 quos
209 1684 368 1748 incensos
396 1683 447 1746 ira
473 1683 647 1768 vitamque
675 1683 804 1747 domini
832 1683 1044 1767 desperantis
1068 1704 1147 1747 cum

95 1783 283 1858 incidisset,
302 1783 412 1848 haesit
434 1782 470 1846 in
487 1782 536 1847 eis
553 1783 685 1867 poeniS,
703 1805 789 1868 quas
807 1783 849 1847 ab
867 1804 908 1847 eo
924 1783 1013 1847 servi
1029 1783 1148 1848 fideles

94 1903 157 1967 pro
175 1881 304 1946 domini
319 1882 387 1946 vita
405 1881 651 1966 expetiverunt.

136 2000 185 2046 57.
209 1980 281 2046 Cur
296 1981 400 2069 igitur
416 2003 475 2046 eos
492 2004 596 2045 manu
615 1981 725 2047 misit?
772 1981 949 2047 Metuebat
965 1982 1149 2047 scilicetne

92 2082 316 2156 indicaretur,
343 2102 386 2145 ne
411 2079 571 2146 dolorem'
587 2082 737 2166 perferre
761 2104 830 2146 non
849 2077 999 2166 possent,
1018 2103 1061 2146 ne
1083 2093 1150 2147 tor·

94 2182 221 2247 mentis
248 2192 452 2268 cogerentur
479 2181 630 2246 occisum
657 2203 732 2246 esse
760 2203 780 2244 a
809 2182 916 2246 servis
944 2181 1085 2246 Milonis
1113 2181 1149 2244 in

92 2281 214 2367 Appia
225 2280 282 2345 via
298 2280 339 2345 P.
354 2280 516 2345 Clodium
530 2280 694 2345 confiteri.
735 2279 830 2364 Qpid
842 2302 928 2365 opus
941 2291 992 2345 est
1003 2281 1149 2345 tortore?

92 2382 179 2468 quid
196 2378 354 2466 quaeris?
394 2378 635 2445 Occideritne?
663 2379 797 2444 occidit.
842 2380 925 2465 Jure
943 2402 987 2443 an
1003 2379 1149 2469 injuria?

91 2481 182 2545 nihil
200 2481 244 2544 ad
261 2491 440 2544 tortorem:
464 2479 542 2544 sacti
560 2479 651 2544 enim
667 2480 703 2544 in
716 2479 836 2544 eculeo
852 2480 1004 2565 quaestio
1022 2492 1084 2555 est,
1095 2481 1149 2567 ju-

89 2581 139 2645 ris
156 2580 195 2644 in
208 2579 350 2667 judicio.
398 2599 489 2642 xx11.
515 2577 619 2663 Quod
632 2579 736 2667 igitur
747 2579 782 2643 in
796 2582 1149 2664 causaquaerendum

90 2692 157 2755 est,
189 2680 398 2766 indagamus
424 2679 501 2742 hic:
535 2680 626 2764 quod
650 2679 825 2744 tormentis
849 2678 1002 2742 invenire
1028 2679 1093 2754 vis,
1113 2679 1149 2744 id

88 2774 255 2846 sa'temur.
305 2776 415 2841 Manu
431 2799 513 2843 vero
530 2800 590 2843 cur
607 2779 747 2854 miserit,
766 2779 793 2843 si
810 2779 844 2843 id
861 2777 973 2863 potius
996 2778 1146 2863 quaeris,

88 2901 201 2965 quarn
234 2899 295 2942 cur
326 2898 446 2961 parum
478 2878 601 2963 amplis
634 2878 796 2943 adfecerit
829 2877 1002 2962 praemiis,
1036 2878 1149 2944 nescis
1175 2894 1177 2899 ’

86 2978 226 3042 inimici
260 2977 388 3041 facturn
424 2978 687 3069 reprehendere.
751 2995 795 3042 os.
824 2977 919 3043 Dixit
959 2977 1050 3042 enim
1092 2977 1149 3042 hic

85 3078 201 3154 idem,
231 3077 290 3163 qui
322 3076 437 3141 omnia
468 3098 604 3161 semper
635 3088 828 3141 constanter
859 3087 891 3142 et
922 3077 1061 3153 sortiter,
1092 3076 1145 3141 M.

87 3176 196 3253 Cato,
215 3189 248 3242 et
264 3175 350 3242 dixit
365 3175 401 3239 in
416 3177 609 3241 turbulenta
625 3177 794 3252 contione,
810 3197 898 3263 quae
914 3188 1029 3241 tamen
1047 3178 1148 3266 hujus

86 3278 294 3342 auctoritate
311 3277 447 3363 placata
464 3286 525 3350 est,
544 3297 614 3341 non
638 3277 791 3341 libertate
815 3276 938 3352 solum,
960 3277 1021 3342 sed
1045 3278 1148 3344 etiam

83 3378 254 3443 omnibus
274 3376 436 3462 praemiis
453 3376 673 3463 dignissimos
690 3376 806 3451 fuisse,
825 3376 883 3462 qui
900 3375 1029 3441 domini
1046 3391 1149 3464 caput

83 3478 338 3544 defendissent.
382 3475 485 3561 Quod
503 3476 593 3539 enim
610 3477 800 3561 praemium
817 3476 898 3541 satis
916 3491 1149 3564 magnumest

82 3589 164 3641 tam
180 3578 370 3652 benevolis,
387 3587 457 3641 tam
473 3577 584 3652 bonis,
603 3588 672 3641 tam
689 3576 847 3641 fidelibus
871 3577 992 3653 servis,
1011 3592 1148 3666 propter

80 3698 180 3762 quos
195 3678 298 3743 vivit?
344 3678 417 3743 Etsi
434 3677 468 3743 id
484 3677 622 3763 quidem
647 3699 715 3742 non
740 3677 823 3742 tanti
847 3688 909 3754 est,
928 3700 1032 3764 quam
1056 3680 1148 3765 quod

78 3789 231 3861 propter
246 3778 386 3844 eosdem
402 3800 470 3843 non
487 3778 657 3865 sanguine
674 3789 707 3842 et
722 3778 917 3843 volneribus
937 3778 1007 3843 suis
1028 3778 1147 3843 crude-

78 3876 214 3943 lissimi
237 3879 367 3944 inimici
390 3889 538 3943 mentem
563 3879 748 3965 oculosque
768 3878 912 3943 satiavit.
964 3876 1061 3961 Qios
1081 3877 1145 3942 nisi

81 3994 201 4043 manu
216 3976 374 4058 misisset,
388 3979 564 4067 tormentis
581 3979 683 4045 etiam
700 3978 847 4045 dedendi
861 3978 996 4044 fuerunt
1009 3998 1145 4043 conser-
