2760 4448
146 246 243 287 nrm.
258 231 328 302 14o.]
456 229 560 311 Sulla
583 232 658 297 and
677 231 731 297 his
754 230 882 320 Parly.
1152 248 1190 316 17

141 455 278 500 causam
294 431 484 497 nobilitatis
499 432 744 519 victoriamque
757 431 908 499 voluisse
923 433 1083 499 laederet
1105 444 1193 499 tam·

137 534 197 598 etsi
218 555 296 597 meo
313 533 392 620 jure
413 554 567 616 possum,
589 533 618 596 si
640 533 722 617 quid
745 532 779 595 in
803 533 869 596 hac
893 545 989 618 parte
1015 533 1097 598 mihi
1122 556 1191 599 non

132 635 283 718 placeat,
303 632 521 717 vituperare3
547 654 615 697 non
632 631 725 696 enim
741 652 862 717 vereor
879 633 1015 718 nequis
1039 634 1191 699 alienum

132 754 189 797 me
222 732 382 796 animum
415 731 577 797 habuisse
609 752 630 795 a
661 752 766 796 causa
794 731 979 798 nobilitatis
1007 733 1189 798 existimet.

130 852 252 896 xuvn.
281 830 406 896 Sciunt
437 831 469 894 ei
501 830 559 917 qui
591 852 646 896 me
671 841 807 904 norunt,
832 852 887 895 me
910 854 973 917 pro
998 853 1075 899 mea
1098 834 1191 898 tenui

130 931 344 1018 infirmaque
380 941 679 1016 parte,-postea
713 951 819 1019 quam
850 932 886 999 id
916 932 1008 1018 quod
1041 932 1192 999 maxime

130 1031 229 1096 volui
251 1029 327 1097 fieri
348 1051 417 1095 uon
442 1031 561 1115 potuit,
581 1042 617 1093 ut
640 1032 1016 1115 componeretur,-id
1042 1032 1192 1099 maxime

131 1131 350 1205 defendisse,
373 1141 411 1194 ut
434 1129 466 1193 ei
490 1130 665 1203 vincerent
688 1130 745 1216 qui
768 1131 935 1197 vicerunt.
986 1131 1076 1219 Qis
1099 1133 1192 1199 enim

133 1243 221 1305 erat,
248 1230 309 1316 qui
334 1251 404 1295 non
429 1230 557 1295 videret
576 1229 801 1295 humilitatem
821 1251 900 1295 cum
923 1231 1107 1321 [dignitate
1126 1232 1188 1321 de]

136 1330 367 1415 amplitudine
396 1328 623 1394 contendere?
683 1328 764 1415 Qu
792 1330 828 1394 in
856 1332 1042 1398 certamine
1070 1333 1192 1418 perditi

74 1510 78 1515 ι
136 1431 222 1495 civis
239 1441 315 1495 erat
331 1451 400 1495 non
418 1450 454 1493 se
472 1428 517 1495 ad
537 1450 595 1495 eos
611 1428 774 1517 jungere,
801 1430 925 1515 quibus
949 1430 1190 1508 incolumibus,

137 1542 169 1595 et
183 1530 282 1595 domi
299 1520 451 1616 dignitas
468 1539 501 1594 et
516 1528 597 1595 foris
620 1529 803 1594 auctoritas
828 1530 1039 1617 retineretur.
1089 1532 1192 1617 Qae

136 1630 292 1714 perlecta
317 1650 393 1693 esse
411 1642 444 1693 et
464 1651 562 1693 suum
581 1630 704 1715 cuique
722 1630 887 1695 honorem
904 1641 938 1699 et
952 1632 1099 1718 gradum
1117 1632 1194 1697 retl-

137 1730 246 1795 ditum
271 1730 422 1816 gaudeo,
444 1728 592 1816 judices,
610 1731 899 1816 vehementerque
924 1731 1051 1804 laetor3
1084 1752 1194 1818 eaque

136 1829 257 1895 omnia
278 1830 421 1895 deorum
444 1830 629 1904 voluntate,
652 1830 764 1895 studio
788 1830 905 1916 populi
930 1830 1094 1906 Romani,
1113 1852 1195 1897 con·

137 1929 213 1995 silio
248 1943 282 1993 et
313 1928 459 2014 imperio
491 1939 524 1993 et
554 1927 714 1996 felicitate
746 1929 790 1995 L.
822 1929 955 2009 Sullae,
988 1944 1087 2021 gesta
1117 1953 1194 1999 esse

136 2029 318 2117 intellego.

180 2146 229 2193 44.
256 2128 363 2215 Q0d
385 2127 664 2195 animadversum
687 2141 739 2196 est
760 2130 794 2196 in
815 2152 874 2199 eos
891 2132 949 2219 qui
966 2144 1083 2201 contra
1100 2133 1194 2200 omni

136 2231 270 2296 ratione
299 2241 512 2316 pugnarunt,
543 2252 612 2295 non
643 2231 754 2297 debeo
785 2234 1060 2316 reprehendere3
1100 2236 1192 2321 quod

62 2358 66 2363 ·
135 2331 218 2396 viris
236 2329 395 2403 sortibus,
413 2351 559 2414 quorum
575 2352 681 2415 opera
697 2331 824 2396 eximia
848 2333 882 2396 iu
907 2335 1008 2400 rebus
1033 2336 1194 2422 gerendis

137 2430 277 2506 exstitit,
305 2430 415 2495 honos
443 2429 579 2495 habitus
611 2444 674 2503 est,
699 2432 816 2497 laudo.
867 2431 968 2517 Qae
997 2446 1033 2499 ut
1060 2436 1192 2509 fierent,

136 2531 268 2597 ideirco
297 2540 490 2616 pugnatum
518 2551 594 2594 esse
623 2530 778 2606 arbitror,
805 2553 927 2618 meque
955 2535 990 2598 in
1018 2556 1058 2600 eo
1082 2536 1194 2601 studio

137 2630 288 2716 partium
309 2629 415 2694 luisse
435 2630 608 2695 confiteor.
657 2629 719 2694 Sin
744 2643 857 2697 autem
883 2634 917 2698 id
942 2646 1055 2700 actum
1080 2647 1142 2710 est,
1162 2645 1195 2701 et

137 2731 268 2796 idcirco
293 2750 390 2793 arma
415 2743 552 2814 sumpta
574 2741 664 2801 sunt,
684 2741 720 2794 ut
737 2731 893 2801 homines
911 2735 1073 2819 postremi
1090 2757 1195 2819 pecu-

138 2833 201 2896 niis
224 2830 347 2894 alienis
368 2830 669 2913 locupletarentur,
690 2842 723 2895 et
742 2831 777 2895 in
802 2832 954 2899 fortunas
977 2836 1195 2933 uniuscujus-

137 2954 203 3018 que
228 2932 396 3014 impetum
422 2929 587 3002 facerent,
611 2941 644 2995 et
666 2930 702 2994 id
726 2953 795 2996 non
820 2934 922 2999 modo
946 2955 983 2999 re
1011 2935 1194 3020 prohibere

137 3054 206 3096 non
232 3031 325 3103 licet,
348 3028 410 3097 sed
434 3050 477 3092 ne
502 3029 615 3093 verbis
639 3030 779 3115 quidem
798 3032 1005 3119 vituperare,
1024 3045 1095 3100 tum
1113 3057 1194 3100 vero

136 3132 170 3196 in
194 3132 262 3195 isto
286 3129 379 3194 bello
400 3134 468 3193 non
491 3141 663 3193 recreatus
686 3152 799 3217 neque
822 3132 1006 3209 restitutus,
1028 3135 1088 3200 sed
1114 3136 1195 3200 sub-

136 3246 235 3296 actus
267 3250 522 3314 oppressusque
554 3230 702 3313 ppulus
735 3230 917 3298 Romanus
949 3246 1012 3299 est.
1060 3234 1194 3301 Verum

135 3333 242 3419 longe
268 3329 369 3393 aliter-
391 3339 462 3403 est3
496 3328 581 3392 nibil
607 3329 729 3393 horum
747 3341 809 3405 est,
824 3332 980 3419 judiees:
1005 3356 1074 3400 non
1093 3338 1193 3402 modo

137 3453 206 3496 non
230 3429 388 3495 laedetur
411 3449 517 3493 causa
541 3429 739 3505 nobilitatis,
764 3430 792 3495 si
817 3430 889 3497 istis
918 3434 1113 3502 hominibus
1141 3458 1194 3501 re-

137 3531 275 3604 sistetis,
301 3549 420 3593 verum
445 3529 548 3593 etiarn
572 3530 759 3593 ornabitur.

181 3649 315 3695 xavm.
341 3643 385 3690 45.
410 3627 631 3713 Quapropter
665 3630 824 3696 desinant
860 3632 1045 3720 aliquando
1076 3636 1193 3702 dicere

137 3732 228 3795 male
255 3729 404 3814 aliquem
425 3729 574 3793 locutum
593 3750 681 3802 esse,
700 3730 728 3795 si
745 3730 803 3817 qui
820 3754 901 3797 vere
919 3755 960 3799 uc
976 3735 1082 3799 libere
1098 3737 1193 3801 locu-

137 3842 191 3896 tus
208 3831 274 3903 sit,
307 3829 465 3894 desinant
481 3848 579 3892 suam
597 3848 738 3894 causam
757 3853 835 3896 cum
852 3831 1083 3921 Chrysogono
1100 3856 1192 3900 com·

139 3930 338 4007 municare3
372 3927 544 4005 desinant,
567 3927 596 3993 si
624 3928 682 3995 ille
710 3930 825 3999 laesus
853 3932 908 4009 sit,
931 3933 975 3998 de
999 3954 1037 3998 se
1060 3934 1193 4020 aliquid
