2722 4438
149 275 189 314 V1·
212 261 267 332 io]
364 262 473 328 Falsa
501 260 657 349 Charges
681 263 821 350 against
849 260 983 328 Cicero.
1128 282 1198 353 *²4¹

154 462 344 552 judicium3
371 460 444 528 sive
467 461 526 526 uni
551 461 680 550 gratias
705 463 868 550 agebant,
896 482 937 528 eo
962 460 1094 552 majus3
1129 463 1201 530 sive

148 576 344 651 utrumque,
363 562 448 626 nihil
466 563 742 649 magnificentius
758 562 902 650 cogitari
919 573 1037 647 potest.

196 664 275 729 ‘Tu
299 663 404 750 igitur
420 661 494 747 ipse
511 663 553 727 de
570 660 644 726 te?’
660 663 783 727 dixerit
798 662 982 748 quispiam.
1030 661 1200 750 Equidem

148 763 287 840 invitus,
309 764 370 830 sed
393 761 539 851 injuriae
566 761 664 827 dolor
694 761 776 825 facit
806 773 862 827 me
893 773 1028 846 praeter
1058 783 1202 828 consue-

148 864 303 928 tudinem
333 863 536 952 gloriosum.
585 859 713 925 Nonne
745 860 826 925 satis
858 873 910 926 est
936 862 979 925 ab
1007 862 1202 927 hominibus

148 963 281 1030 virtutis
300 963 435 1052 *ignaris
453 960 601 1051 gratiam
626 961 714 1026 bene
739 959 946 1026 merentibus
969 981 1039 1025 non
1062 960 1202 1026 referri?

149 1063 264 1128 Etiam
290 1063 324 1129 in
350 1062 493 1149 eosqui
521 1060 634 1128 omnis
663 1080 744 1127 suas
773 1080 872 1125 curas
899 1059 934 1123 in
962 1059 1011 1124 rei
1043 1060 1202 1145 publicae

150 1164 260 1229 salute
283 1164 451 1250 defigunt,
470 1160 653 1247 impietatis
679 1159 822 1226 crimine
846 1158 974 1225 invidia
997 1158 1202 1246 quaeretur?

149 1281 193 1328 14.
211 1263 313 1329 Scitis
330 1262 421 1328 enim
442 1283 504 1347 per
520 1262 582 1327 hos
599 1261 673 1328 dies
691 1259 936 1326 creberrimum
953 1259 1057 1326 fuisse
1073 1280 1202 1325 sermo-

149 1386 244 1438 nem,
270 1384 325 1428 me
348 1361 531 1437 Parilibus,
549 1360 608 1448 qui
632 1361 707 1428 dies
731 1360 834 1425 hodie
858 1372 922 1436 est,
948 1381 1027 1426 cum
1051 1359 1202 1426 fascibus

149 1467 409 1530 descensurum.
458 1461 499 1525 In
516 1461 665 1548 aliquem
683 1462 786 1527 credo
804 1462 869 1527 hoc
893 1461 1120 1548 gladiatorem
1145 1472 1204 1525 aut

149 1566 316 1629 latronem
334 1573 393 1627 aut
408 1560 593 1626 Catilinam
610 1582 687 1626 esse
704 1562 891 1631 conlatum,
911 1583 980 1627 non
997 1561 1032 1625 in
1049 1582 1128 1626 eum
1144 1560 1202 1647 qui

148 1685 194 1729 ne
211 1663 293 1750 quid
307 1664 376 1727 tale
389 1662 423 1725 in
437 1682 473 1726 re
487 1660 625 1746 publica
638 1661 711 1726 fieri
725 1672 841 1746 posset
855 1660 1019 1726 effecerit.
1052 1660 1111 1725 An
1128 1659 1199 1748 [ut]

148 1785 231 1851 ego,
248 1761 306 1848 qui
330 1760 515 1826 Catilinam
541 1761 628 1826 haec
652 1762 849 1827 molientem
874 1759 1081 1835 sustulerim,
1107 1781 1203 1825 ever·

147 1867 261 1937 terim,
290 1861 493 1935 addixerim,
520 1859 594 1944 ipse
626 1861 826 1926 exsisterem
858 1872 998 1946 repente
1030 1858 1203 1926 Catilina?

149 1962 288 2048 Quibus
305 1961 466 2046 auspiciis
484 1961 564 2026 istos
581 1960 685 2026 fascis
702 1981 815 2048 augur
839 1960 1054 2047 acciperem?
1086 1971 1205 2048 quate·

148 2085 215 2128 nus
247 2060 522 2127 haberem?.cui
553 2060 749 2127 traderem?
797 2059 1064 2150 Quemquamne
1096 2062 1202 2127 fuisse

146 2174 219 2228 tam
248 2163 451 2227 sceleratum
479 2159 538 2247 qui
567 2161 632 2227 hoc
664 2163 823 2249 fingeret,
853 2173 922 2227 tam
951 2162 1117 2228 furiosum
1144 2162 1202 2248 qui

149 2261 325 2328 crederet?
371 2262 474 2327 Unde
499 2258 603 2348 igitur
626 2261 690 2327 ista
715 2262 871 2348 suspitia,
897 2261 951 2329 vel
975 2262 1087 2348 potius
1110 2263 1203 2327 unde

147 2363 212 2428 iste
244 2359 378 2427 sermo?
423 2381 474 2426 vt.
499 2378 540 2427 la.
573 2360 678 2437 Cum,
703 2373 741 2427 ut
772 2362 877 2436 scitis,
905 2363 971 2428 hoc
1001 2363 1113 2428 triduo
1146 2363 1202 2428 vel

145 2462 340 2549 quadriduo
358 2461 461 2526 tristis
478 2482 498 2526 a
516 2462 652 2527 Mutina
670 2461 763 2526 fama
788 2473 957 2538 manaret,
975 2462 1082 2527 inflati
1107 2462 1204 2527 laeti·

147 2563 196 2625 tia
219 2573 320 2647 atque
343 2560 524 2627 insolentia
547 2561 644 2647 impii
673 2561 766 2626 cives
797 2583 905 2626 unum
937 2583 974 2627 se
1005 2562 1041 2626 in
1072 2563 1200 2636 locum,

148 2662 194 2725 ad
218 2662 312 2725 illam
337 2660 466 2725 curiam
491 2661 587 2726 furiis
611 2661 723 2746 potius
747 2660 817 2726 suis
841 2682 945 2748 quam
970 2661 1018 2726 rei
1043 2661 1202 2747 publicae

146 2760 320 2824 infelicem
345 2761 618 2847 congregabant.
667 2759 719 2825 Ibi
745 2781 825 2826 cum
848 2761 992 2826 consilia
1013 2760 1137 2825 inirent
1158 2762 1201 2825 de

148 2860 256 2924 caede
281 2852 407 2935 nostra,
426 2860 700 2947 partirenturque
724 2860 812 2926 inter
835 2881 872 2927 se
895 2861 953 2948 qui
978 2860 1200 2947 Capitolium,

148 2959 206 3046 qui
224 2970 344 3033 rostra,
363 2959 420 3046 qui
437 2960 529 3025 urbis
546 2971 660 3046 portas
677 2972 898 3047 occuparent,
918 2961 961 3026 ad
980 2982 1034 3026 me
1058 2982 1203 3027 concur·

146 3080 225 3125 sum
242 3058 390 3123 futurum
409 3059 553 3125 civitatis
571 3063 747 3146 putabant.
800 3060 904 3145 Quod
921 3072 958 3128 ut
974 3082 1050 3126 cum
1072 3061 1201 3126 invidia

147 3178 226 3223 mea
244 3159 351 3233 fieret,
370 3170 403 3224 et
427 3180 505 3225 cum
530 3160 621 3226 vitae
645 3163 747 3226 etiam
765 3163 931 3247 periculo,
949 3162 1076 3226 famam
1101 3160 1202 3225 istam

147 3258 293 3324 fascium
317 3258 591 3345 dissipaverunt:
617 3262 720 3327 fascis
737 3261 802 3346 ipsi
820 3265 863 3326 ad
881 3282 936 3327 me
960 3261 1105 3327 delaturi
1128 3261 1203 3326 fue-

147 3369 236 3422 runt.
285 3356 390 3442 Quod
416 3380 495 3425 cum
521 3372 612 3426 esset
635 3361 733 3447 quasi
760 3381 836 3426 mea
862 3362 1036 3426 voluntate
1058 3361 1200 3437 factum,

145 3468 218 3521 tum
247 3456 282 3520 in
309 3479 365 3522 me
391 3458 539 3546 impetus
569 3461 815 3526 conductorum
841 3460 1018 3525 hominum
1042 3461 1141 3548 quasi
1165 3461 1202 3525 in

145 3568 333 3643 tyrannum
345 3560 552 3643 parabatur:
577 3581 621 3625 ex
637 3582 706 3647 quo
722 3559 848 3625 caedes
863 3571 955 3626 esset
965 3572 1115 3627 vestrum
1129 3581 1201 3624 om-

146 3656 243 3720 nium
260 3669 459 3724 consecuta.
494 3658 668 3743 Quaeres
684 3659 855 3744 patefecit,
874 3671 987 3745 patres
1004 3659 1200 3744 conscripti,

146 3756 207 3822 sed
221 3759 288 3823 'suo
303 3769 457 3841 tempore
473 3759 692 3846 totius'hujus
708 3759 848 3824 sceleris
865 3759 941 3825 fons
957 3760 1138 3846 aperietur.

189 3874 233 3922 lo.
265 3857 388 3944 Itaque
422 3857 463 3923 Ρ.
496 3857 679 3944 Apuleius,
711 3858 867 3924 tribunus
897 3859 1018 3945 plebis,
1046 3879 1200 3924 meorum

145 3956 300 4041 omnium
325 3957 545 4024 consiliorum
570 3958 869 4045 periculorumque
890 3957 962 4046 jam
986 3956 1067 4023 inde
1084 3977 1202 4037 acon·

660 4069 691 4120 16
