2722 4438
157 241 188 281 11.
207 229 248 297 4]
308 229 424 331 'When
449 231 527 294 will
546 231 602 296 the
637 230 774 318 Vr'ctory
791 232 830 296 be
851 231 1059 320 Complete?
1144 192 1205 320 2⁴37

157 428 244 571 SI,
258 440 295 494 ut
311 451 355 494 ex
371 429 489 495 litteris
502 452 590 517 quae
607 431 767 497 recitatae
778 443 868 508 sunt,
883 442 997 517 patres
1011 435 1204 521 conscripti,

259 529 598 594 sceleratissimorum
623 531 769 595 hostium
787 532 974 596 exercitum
993 555 1130 599 caesum
1156 536 1207 600 fu-

157 649 300 713 sumque
326 629 486 714 cognovi,
505 629 554 693 sic
570 629 604 694 id
621 631 712 715 quod
737 640 769 695 et
792 653 912 695 omnes
938 634 1207 719 maximeopta-

157 751 245 802 mus,
274 737 307 791 et
334 748 378 791 ex
410 749 451 791 ea
481 728 622 793 victoria
654 751 742 814 quae
774 742 872 814 parta
904 743 955 796 est
986 747 1206 798 consecutum

157 828 373 902 arbitramur,
403 827 448 890 D.
480 827 623 891 Brutum
656 850 835 915 egressum
863 831 936 918 jam
968 832 1104 898 Mutina
1132 856 1207 899 esse

155 926 409 1014 cognovissem,
425 938 561 1011 propter
574 928 670 1014 cujus
684 927 874 1012 periculum
889 932 933 995 ad
949 924 1035 1018 saga
1048 933 1205 1007 issemus,
1297 940 1301 947 ’

158 1037 294 1113 propter
310 1026 464 1113 ejusdem
483 1027 626 1090 salutem
644 1027 858 1093 redeundum
876 1032 920 1095 ad
937 1031 1115 1115 pristinum
1132 1055 1208 1096 ves-

157 1129 253 1192 titum
271 1125 344 1190 sine
361 1127 431 1189 ulla
449 1126 657 1191 dubitatione
675 1148 862 1194 censerem.
902 1128 994 1195 Ante
1006 1153 1087 1196 vero
1104 1153 1219 1216 quam,
1282 1211 1284 1216 .

157 1229 200 1292 sit
224 1247 266 1290 ea
291 1247 358 1300 res,
377 1247 480 1310 quam
507 1225 704 1292 avidissime
729 1227 848 1293 civitas
873 1240 1060 1314 exspectat,
1080 1232 1206 1306 adlata,

156 1324 284 1391 laetitia
301 1324 366 1388 frui
388 1325 469 1389 satis
488 1337 538 1391 est
555 1327 727 1392 maximae
745 1329 1106 1415 praeclarissimaeque
1120 1351 1208 1417 pug-

125 1499 130 1507 ,
156 1448 222 1492 nae
236 1449 244 1488 :
269 1425 413 1490 reditum
432 1426 476 1490 ad
489 1428 648 1491 vestitum
661 1429 836 1515 consectae
848 1429 1009 1494 victoriae
1026 1441 1207 1495 reservate.

156 1526 336 1592 Confectio
354 1536 467 1590 autem
486 1528 587 1614 hujus
604 1528 683 1591 belli
701 1539 751 1592 est
768 1528 812 1592 D.
832 1528 927 1593 Bruti
945 1530 1049 1594 salus.

200 1646 229 1692 2.
248 1626 351 1714 Quae
378 1638 491 1691 autem
519 1638 570 1692 est
596 1627 659 1691 ista
685 1628 864 1703 sententia,
883 1642 924 1710 ut
945 1629 979 1692 in
1005 1629 1208 1695 hodiernum

156 1730 248 1794 diem
265 1727 405 1792 vestitus
424 1738 583 1803 mutetur,
603 1728 726 1791 deinde
744 1749 820 1792 cras
845 1728 954 1814 sagati
980 1729 1209 1812 prodeamus?

155 1829 232 1894 Nos
255 1849 337 1892 vero
355 1848 433 1914 cum
451 1827 557 1891 semel
576 1829 619 1891 ad
637 1849 715 1891 eum
732 1849 833 1912 quem
858 1828 1015 1912 cupimus
1037 1841 1210 1914 optamus-

156 1950 224 2015 que
252 1927 410 1992 vestitum
435 1927 650 2002 redierimus,
676 1927 710 1991 id
735 1949 892 2014 agamus,
912 1939 948 1992 ut
972 1950 1050 1992 eum
1074 1930 1108 1992 in
1134 1951 1210 2013 per-

156 2038 297 2114 petuum
314 2026 534 2091 retineamus.
584 2026 677 2090 Nam
696 2028 761 2091 hoc
777 2026 915 2112 quidem
933 2049 1009 2092 cum
1028 2039 1124 2114 turpe
1145 2042 1206 2104 est,

156 2141 228 2193 tum
254 2148 298 2191 ne
327 2127 379 2190 dis
407 2127 545 2211 quidem
575 2126 822 2191 immortalibus
851 2138 999 2213 gratum,
1022 2129 1066 2192 ab
1092 2149 1209 2193 eorum

157 2228 238 2303 aris,
258 2228 302 2291 ad
324 2247 410 2311 quas
436 2225 542 2313 togati
569 2226 766 2302 adierimus,
786 2227 829 2291 ad
850 2247 935 2314 saga
956 2229 1121 2293 sumenda
1142 2230 1210 2293 dis·
1271 2250 1276 2259 ’

156 2328 293 2392 cedere.
319 2344 347 2390 3.
370 2323 484 2411 Atque
503 2326 750 2401 animadverto,
770 2337 883 2410 patres
901 2327 1095 2412 conscripti,
1108 2351 1209 2413 quos-

157 2429 239 2492 dam
265 2427 345 2492 huic
371 2427 487 2491 favere
514 2426 715 2501 sententiae,
742 2448 886 2511 quorum
912 2448 954 2490 ea
977 2449 1080 2492 mens
1106 2428 1208 2514 idque

157 2528 338 2593 consilium
364 2538 426 2602 est,
447 2537 496 2602 ut,
517 2548 594 2590 cum
625 2526 764 2591 videant
796 2525 1080 2613 gloriosissimum
1112 2527 1207 2591 illum

157 2627 202 2691 D.
223 2626 329 2693 Bruto
348 2628 498 2691 futurum
525 2626 630 2700 diem,
648 2646 716 2710 quo
741 2625 795 2689 die
813 2636 949 2709 propter
966 2625 1039 2711 ejus
1063 2628 1207 2691 salutem
1260 2632 1264 2640 '

156 2728 373 2803 redierimus,
392 2729 484 2791 hunc
511 2726 542 2790 ei
571 2725 717 2789 fructum
741 2724 872 2809 eripere
897 2724 1047 2807 cupiant,
1069 2747 1113 2789 ne
1138 2748 1208 2790 me·
1298 2809 1301 2815 Ι

156 2828 286 2893 moriae
319 2827 572 2914 posteritatique
605 2826 767 2910 prodatur
806 2833 943 2908 propter
981 2824 1082 2904 unius
1122 2825 1207 2891 civis

156 2929 348 3014 periculum
373 2929 538 3014 populum
563 2926 763 2990 Romanum
788 2924 831 2987 ad
856 2944 941 3008 saga
965 2923 1044 2998 isse,
1070 2936 1207 3009 propter

156 3030 312 3116 ejusdem
329 3030 472 3093 salutem
489 3028 618 3092 redisse
636 3026 680 3089 ad
697 3035 807 3111 togas.
851 3022 978 3088 Tollite
995 3025 1105 3087 hanc:
1131 3027 1206 3088 nul-

67 3158 104 3181 -ι
154 3130 226 3192 lam
255 3141 324 3193 tam
353 3150 479 3213 pravae
512 3127 698 3192 sententiae
732 3144 871 3188 causam
897 3123 1084 3207 reperietis.
1133 3124 1206 3189 Vos

154 3249 251 3303 vero,
278 3240 391 3313 patres
419 3227 614 3312 conscripti,
641 3234 840 3290 conservate
873 3221 1106 3286 auctoritatem
1132 3244 1207 3287 ves-

154 3340 257 3403 tram,
273 3339 407 3392 manete
424 3328 458 3392 in
476 3327 656 3402 sententia,
670 3336 781 3390 tenete
791 3333 907 3388 uestra
924 3321 1100 3398 memoria,
1115 3324 1206 3407 quod

154 3448 261 3512 saepe
278 3427 483 3502 ostendistis,
503 3427 603 3513 hujus
619 3426 720 3490 totius
743 3424 824 3488 belli
842 3424 876 3486 in
899 3420 1000 3486 unius
1017 3421 1079 3502 viri
1097 3422 1206 3487 fortis-

155 3526 233 3591 simi
251 3537 283 3590 et
299 3526 440 3590 maximi
456 3527 525 3590 vita
550 3525 697 3610 positum
721 3544 796 3588 esse
821 3522 1017 3587 discrimen.

200 3647 240 3690 11.
267 3644 294 3689 4.
316 3624 375 3691 Ad
391 3627 436 3690 D.
456 3625 599 3689 Brutum
625 3623 839 3688 liberandum
864 3623 969 3709 legati
996 3621 1089 3686 missi
1114 3622 1207 3707 prin-

153 3725 250 3812 cipes
276 3726 431 3801 civitatis‚
450 3725 508 3810 qui
531 3724 579 3787 illi
597 3724 684 3788 hosti
703 3743 743 3785 ac
760 3721 951 3806 parricidae
968 3721 1207 3786 denuntiarent

153 3837 233 3891 uta
260 3825 397 3890 Mutina
425 3825 627 3889 discederet.
678 3822 841 3909 Ejusdem
871 3821 916 3885 D.
946 3820 1041 3884 Bruti
1071 3842 1207 3885 conser-

153 3926 261 3991 vandi
292 3925 399 4011 gratia
428 3924 548 3991 consul
580 3923 696 3988 sortitu
730 3923 774 3986 ad
805 3921 933 3986 bellum
962 3920 1133 4009 profectus
1157 3918 1204 3984 A.
