2722 4438
86 273 179 316 mvn
191 261 256 332 -78.]
319 263 465 352 Bloody
487 264 598 354 ll't'ght
621 267 657 331 in
681 266 738 331 the
760 265 906 333 Forum.
1079 268 1141 355 163

85 490 141 536 non
155 464 340 552 privatum
356 477 414 531 aut
425 465 612 552 plebeium,
624 467 686 533 sed
697 466 878 553 patricium
890 477 924 533 et
935 469 1142 555 praetorium

84 594 147 637 esse
165 566 438 633 arbitrarentur.

58 670 60 753 l
117 672 213 736 Nihil
233 690 360 756 neque
379 677 457 731 ante
474 667 541 732 hoc
556 676 691 751 tempus
708 688 819 754 neque
839 669 905 734 hoc
928 669 1003 754 ipso
1026 673 1143 736 turbu·
1171 680 1176 689 ’

58 774 264 857 lentissimo
303 769 365 834 die
398 767 627 832 criminamini
656 765 820 832 Sestium.
871 767 1000 856 ‘Atqui
1026 770 1078 835 vis
1106 772 1142 836 in

58 862 142 965 lsoro
163 884 312 938 versata
342 869 417 935 est.'
465 867 589 932 Certe:
616 867 755 954 quando
779 867 870 933 enim
895 867 1026 957 major?
1072 870 1142 935 La·

58 990 59 1003 ¹
81 975 267 1058 pidationes
298 991 472 1059 persaepe
497 967 667 1033 vidimus:
692 988 760 1032 non
780 968 825 1032 ita
842 990 960 1054 saepe,
978 971 1038 1035 sed
1055 971 1142 1035 nim·

81 1075 139 1137 ium
156 1086 280 1139 tamen
301 1095 410 1159 saepe
426 1069 573 1159 gladios.
613 1066 767 1134 Caedem
780 1090 861 1134 vero
874 1081 1016 1145 tantam,
1030 1082 1142 1138 tantos

82 1195 212 1239 acervos
240 1195 435 1259 corporum
463 1179 666 1243 exstructos,
689 1167 754 1232 nisi
783 1167 868 1233 sorte
895 1170 953 1234 illo
982 1169 1141 1236 Cinnano

83 1285 169 1360 atque
187 1274 396 1340 Octaviano
413 1273 481 1348 die,
500 1271 577 1358 quis
595 1288 759 1354 umquam
781 1268 816 1332 in
841 1268 913 1335 soro
937 1270 1044 1334 vidit?
1073 1291 1141 1356 qua

83 1395 117 1436 ex
142 1374 383 1440 concitatione
413 1368 628 1438 animorum?
675 1367 769 1433 Nam
797 1389 842 1432 ex
868 1369 1056 1454 pertinacia
1084 1381 1143 1435 aut

83 1475 268 1538 constantia
296 1473 533 1538 intercessoris
557 1471 663 1537 oritur
687 1490 791 1553 saepe
816 1469 950 1542 seditio,
968 1469 1070 1554 culpa
1092 1483 1141 1534 at·

83 1594 137 1656 que
153 1573 383 1660 improbitate
401 1572 516 1637 latoris
533 1571 646 1636 oblato
664 1569 846 1634 commodo
870 1569 985 1655 aliquo
1004 1568 1142 1654 imperi-

83 1673 115 1735 tis
138 1686 195 1738 aut
223 1675 434 1761 largitione;
466 1674 572 1738 oritur
600 1693 644 1736 ex
676 1670 928 1736 concertatione
961 1669 1140 1757 magistra-

85 1784 164 1838 tuum
180 1798 188 1849 ;
209 1776 329 1840 oritur
345 1774 471 1839 sensim
485 1794 529 1838 ex
542 1775 693 1837 clamore
710 1771 872 1856 primum,
887 1768 1011 1835 deinde
1025 1770 1140 1857 aliqua

85 1872 292 1941 discessione
313 1874 500 1939 contionis:
525 1873 596 1945 vix,
616 1894 692 1937 sero
709 1882 743 1937 et
758 1892 835 1937 raro
852 1870 898 1936 ad
917 1892 1039 1936 manus
1063 1893 1140 1957 per·

85 1974 219 2039 venitur.
277 1974 389 2040 Nullo
407 1995 487 2038 vero
503 1975 607 2039 verbo
624 1972 727 2048 sacto,
746 1972 842 2037 nulla
862 1973 1019 2038 contione
1036 1973 1140 2039 advo·

86 2083 162 2148 cata,
176 2076 280 2156 nulla
299 2075 374 2138 lata
393 2074 484 2161 lege,
500 2073 703 2138 concitatam
717 2084 921 2138 nocturnam
937 2074 1138 2140 seditionem

85 2172 149 2255 quis
165 2174 326 2241 audivit?
368 2192 409 2239 41.
432 2173 490 2238 An
507 2173 577 2238 veri
595 2173 706 2239 simile
724 2185 786 2247 est,
804 2185 841 2239 ut
857 2174 941 2240 civis
958 2175 1139 2240 Romanus

86 2284 134 2336 aut
148 2275 254 2342 bomo
276 2277 364 2341 liber
383 2275 563 2362 quisquam
582 2295 659 2338 cum
677 2275 795 2362 gladio
813 2275 846 2339 in
865 2275 976 2341 sorum
997 2277 1139 2341 descen·

86 2371 160 2438 derit
184 2389 267 2441 ante
288 2377 415 2451 lucem,
435 2397 485 2439 ne.
495 2374 538 2439 de
556 2396 611 2438 me
628 2373 708 2439 ferri
725 2386 909 2461 pateretur,
928 2387 1063 2462 praeter
1079 2378 1138 2447 eos

86 2472 134 2555 qui
149 2476 191 2541 ab
209 2477 272 2542 illo
292 2476 452 2562 pestifero
470 2496 511 2539 ac
526 2476 658 2560 perdito
672 2476 738 2541 civi
752 2476 825 2563 jam
843 2477 975 2560 pridem
989 2478 1036 2543 rei
1053 2480 1139 2564 pub·

86 2568 162 2638 licae
179 2577 357 2665 sanguine
374 2574 599 2663 saginantur?
648 2576 717 2640 Hic
737 2575 810 2664 jam
830 2576 873 2641 de
897 2577 972 2662 ipso
997 2598 1138 2643 accusa-

86 2679 147 2738 tore
170 2697 318 2762 quaero,
342 2676 399 2762 qui
424 2675 465 2740 P.
490 2674 640 2739 Sestium
658 2675 811 2762 queritur
828 2698 906 2740 cum
924 2678 1138 2743 multitudine
1217 2691 1219 2694 ’

86 2767 114 2832 in
134 2775 309 2841 tribunatu
330 2788 460 2861 etcum
481 2775 653 2860 praesidio
679 2797 807 2863 magno
831 2775 950 2852 luisse,
974 2798 1057 2841 num
1080 2778 1138 2842 illo

88 2869 134 2936 die
156 2874 281 2942 suerit?
330 2876 432 2942 Certe
453 2874 612 2940 nonfuit.
663 2876 885 2964 Victa'igitur
901 2888 951 2942 est
968 2898 1073 2942 causa
1090 2877 1138 2942 rei

88 2973 250 3052 publicae,
271 2978 409 3042 etvicta
426 2999 493 3042 non
513 2976 688 3061 auspiciis,
709 2998 778 3042 non
795 2977 1051 3052 intercessione,
1069 3000 1138 3043 non

90 3071 267 3163 suffragiis,
288 3078 348 3142 sed
373 3077 419 3152 vi,
440 3098 558 3152 manu,
581 3077 683 3143 ferro.
734 3078 827 3144 Nam
853 3078 880 3144 si
905 3078 1139 3144 obnuntiasset

92 3165 279 3265 [Fabricio]
300 3178 329 3242 is
340 3185 492 3264 praetor
508 3179 566 3266 qui
585 3201 622 3245 se
640 3202 796 3246 servasse
813 3181 856 3245 de
873 3180 970 3245 caelo
990 3180 1137 3255 dixerat,

92 3276 271 3359 accepisset
287 3300 341 3343 res
359 3280 498 3365 publica
525 3282 680 3369 plagam,
700 3283 761 3347 sed
785 3302 862 3346 eam
887 3303 990 3368 quam
1017 3303 1140 3366 accep·

91 3376 152 3436 lam
168 3397 308 3472 gemere
327 3391 460 3465 posset:
487 3381 515 3446 si
532 3382 779 3448 intercessisset
795 3384 942 3471 conlega
964 3383 1137 3457 Fabrici0,

91 3465 236 3544 laesisset
252 3502 325 3545 rem
339 3483 528 3567 publicam,
544 3484 605 3548 sed
622 3481 711 3570 [rem
726 3483 917 3572 publicam]
931 3484 1007 3573 jure
1021 3485 1139 3550 laesis-

94 3580 147 3633 set·
195 3577 413 3648 Gladiatores
431 3594 466 3647 tu
484 3582 649 3656 novicios,
668 3604 730 3667 pro
747 3596 944 3668 exspectata
966 3586 1138 3650 aedilitate

97 3680 287 3776 suppositos,
309 3706 387 3749 eum
409 3683 539 3748 sicariis
559 3704 578 3747 e
602 3702 740 3748 carcere
764 3684 898 3750 emissis
923 3696 1000 3750 ante
1025 3687 1137 3750 lucem

96 3776 266 3849 lmmittas?
298 3785 517 3869 magistratus
539 3782 666 3866 templo
687 3782 837 3847 deicias?
866 3786 1007 3849 caedem
1029 3785 1138 3848 maxi·

100 3887 180 3940 mam
197 3883 325 3949 facias?
350 3884 460 3948 sorum
474 3880 637 3966 spurces?
662 3894 706 3954 et,
721 3903 799 3945 cum
813 3884 928 3947 omnia
941 3885 974 3947 vi
988 3895 1020 3947 et
1033 3885 1136 3948 armis

101 3979 212 4057 egeris,
232 4004 372 4049 accuses
396 4003 475 4046 eum
499 3980 557 4067 qui
582 4001 619 4044 se
638 3981 809 4065 praesidio
827 3982 997 4057 munierit,
1016 4003 1084 4046 non
1101 3993 1137 4047 ut

102 4075 130 4134 le
144 4092 361 4171 oppugnaret,
381 4081 441 4146 sed
458 4092 494 4145 ut
508 4080 614 4144 vitam
631 4101 729 4144 suam
745 4092 861 4165 posset
876 4079 1082 4145 defendere?
