2722 4438
156 244 197 283 vr.
212 229 264 300 15.]
339 228 475 295 Motzbe
497 231 571 295 and
591 229 736 296 Nature
759 233 807 316 aff
819 231 876 296 the
905 230 941 298 T
935 232 1017 298 rial.
1143 247 1204 319 175

198 429 239 505 la.
264 439 369 505 Hanc
384 463 465 506 vero
482 441 731 527 quaestionem,
745 441 806 506 etsi
820 465 889 507 non
902 455 952 508 est
964 443 1094 530 iniqua,
1107 465 1207 508 num-

151 563 257 628 quam
282 552 398 605 tamen
426 551 564 604 senatus
589 541 863 605 constituendam
895 544 1038 627 putavit.
1098 543 1205 608 Erant

150 642 244 706 enim
266 641 377 727 leges,
395 652 493 704 erant
508 641 724 729 quaestiones
741 641 796 706 vel
820 641 863 706 de
880 643 987 707 caede
1003 643 1058 708 vel
1083 643 1126 708 de
1150 644 1204 716 vi;

150 762 217 805 nec
233 753 364 805 tantum
381 760 572 804 maerorem
590 760 631 803 ac
647 740 775 804 luctum
793 742 925 805 senatui
943 764 1034 807 mors
1047 742 1088 807 P.
1104 741 1205 807 Clodi

150 840 341 914 adferebat,
355 850 392 903 ut
408 859 498 903 nova
515 839 669 924 quaestio
686 838 957 905 constitueretur.
988 840 1097 929 Cujus
1113 842 1205 906 enim

149 942 194 1005 de
211 940 270 1004 illo
287 940 415 1003 incesto
432 949 549 1023 stupro
564 937 732 1025 judicium
757 939 964 1005 decernendi
988 941 1121 1005 senatui
1145 963 1206 1026 po-

148 1050 255 1104 testas
271 1049 361 1103 esset
376 1049 506 1123 erepta,
525 1038 568 1102 de
584 1037 658 1124 ejus
675 1038 810 1102 interitu
832 1040 908 1125 quis
932 1051 1041 1125 potest
1064 1041 1205 1105 credere

147 1150 308 1203 senatum
322 1137 489 1226 judicium
507 1159 633 1203 novum
651 1137 925 1202 constituendum
945 1137 1105 1224 putasse?
1133 1138 1206 1206 Cur

146 1239 255 1326 igitur
282 1237 480 1303 incendium
507 1238 637 1312 curiae,
665 1238 959 1323 oppugnationem
987 1240 1124 1304 aedium
1152 1238 1204 1304 M.

145 1337 291 1423 Lepidi,
310 1338 453 1402 caedem
470 1338 561 1401 hanc
578 1337 688 1422 ipsam
713 1348 832 1401 contra
856 1359 929 1402 rem
953 1340 1127 1424 publicam
1152 1360 1205 1404 se·

142 1450 251 1502 natus
268 1437 395 1502 factam
412 1458 487 1502 esse
504 1435 677 1502 decrevit?
697 1436 778 1523 quia
794 1437 889 1501 nulla
905 1437 957 1503 vis
974 1460 1138 1524 umquam
1154 1449 1206 1504 est

144 1539 185 1601 in
210 1538 319 1602 libera
342 1536 477 1602 civitate
501 1549 659 1622 suscepta
683 1537 770 1602 inter
794 1537 877 1602 civis
900 1559 968 1602 non
989 1549 1106 1602 contra
1130 1560 1204 1604 rem

141 1638 338 1724 publicam.
386 1648 429 1695 14.
452 1636 534 1702 Non
556 1637 648 1701 enirn
668 1648 719 1702 est
737 1637 797 1701 illa
819 1636 973 1702 defensio
994 1648 1113 1702 contra
1133 1639 1203 1703 vim

145 1759 316 1824 umquam
339 1738 502 1822 optanda,
529 1737 590 1802 sed
614 1759 682 1801 non
706 1758 895 1824 numquam
919 1747 971 1802 est
993 1737 1200 1803 necessaria.

145 1838 228 1903 Nisi
245 1859 326 1902 vero
344 1848 401 1901 aut
416 1837 473 1900 ille
490 1836 563 1901 dies
579 1857 647 1923 quo
662 1835 720 1900 Ti.
734 1835 915 1902 Gracchus
932 1847 983 1902 est
998 1858 1133 1914 caesus,
1146 1847 1204 1904 aut

145 1938 208 2002 ille
224 1960 293 2024 quo
310 1936 432 2010 Gaius,
452 1947 510 2000 aut
525 1957 593 2023 quo
613 1957 709 2000 arma
726 1934 902 2007 Saturnini
926 1944 1093 2024 oppressa
1107 1947 1200 2014 sunt,

147 2038 254 2103 etiam
275 2037 303 2102 si
322 2058 341 2101 e
361 2058 398 2101 re
418 2036 556 2121 publica
578 2056 741 2121 oppressa
761 2047 853 2113 sunt,
871 2057 944 2102 rem
960 2038 1135 2124 publicam
1151 2050 1201 2104 ta-

148 2158 232 2201 men
260 2158 328 2202 non
355 2137 587 2201 volnerarunt.
623 2153 683 2200 ‘v1.
710 2135 829 2223 Itaque
857 2158 923 2225 ego
951 2139 1025 2224 ipse
1050 2137 1201 2214 decrevi,

148 2258 230 2301 cum
261 2236 404 2301 caedem
436 2235 471 2299 in
499 2233 616 2321 Appia
643 2234 769 2301 factam
807 2258 883 2302 esse
917 2250 1100 2314 constaret,
1133 2260 1203 2304 non

148 2358 230 2401 eum
252 2336 310 2422 qui
338 2357 375 2400 se
400 2334 609 2400 defendisset
636 2347 753 2400 contra
777 2357 850 2401 rem
875 2337 1049 2422 publicam
1065 2338 1201 2414 fecisse,

148 2437 224 2511 sed,
243 2456 321 2499 cum
341 2435 468 2499 inesset
490 2435 527 2498 in
550 2456 587 2500 re
610 2435 662 2500 vis
684 2425 719 2500 ‚et
742 2434 901 2513 insidiae,
925 2437 1054 2502 crimen
1072 2437 1203 2525 judicio

147 2535 335 2611 reservavi,
362 2556 435 2599 rem
463 2534 589 2600 notavi.
640 2533 747 2620 Quod
775 2535 803 2600 si
832 2557 893 2622 per
917 2535 1083 2604 furiosum
1105 2538 1202 2601 illum

146 2637 322 2702 tribunum
355 2634 487 2700 senatui
516 2634 611 2723 *quod
643 2635 810 2700 sentiebat
841 2636 1006 2721 perficere
1038 2636 1201 2711 licuisset,

147 2756 274 2800 novam
299 2734 534 2821 quaestionem
559 2734 690 2797 nullam
714 2735 934 2799 haberemus.
985 2734 1203 2801 Decernebat

52 2890 54 2895 .
146 2835 254 2910 enim,
279 2845 316 2898 ut
340 2832 511 2898 veteribus
535 2833 684 2920 legibus,
705 2843 837 2898 tantum
863 2833 965 2898 modo
989 2845 1085 2897 extra
1113 2835 1202 2900 ordi-

146 2956 242 3017 nem,
271 2943 506 3020 quaereretur.
566 2932 688 2998 Divisa
719 2932 886 2998 sententia
918 2942 981 3007 est,
1010 2933 1202 3018 postulante

145 3033 371 3119 nescioquo:
394 3031 478 3096 nihil
495 3029 587 3096 enim
604 3054 746 3098 necesse
764 3044 813 3097 est
829 3032 982 3097 omnium
999 3054 1054 3097 me
1070 3032 1203 3120 flagitia

145 3132 314 3219 proferre.
363 3130 423 3196 Sic
444 3131 576 3218 reliqua
596 3133 780 3198 auctoritas
804 3143 942 3197 senatus
966 3142 1081 3217 empta
1100 3131 1203 3197 inter·

146 3232 304 3298 cessione
328 3231 463 3296 sublata
488 3243 550 3295 est.

190 3348 232 3396 15.
254 3330 304 3396 At
326 3330 418 3395 enim
442 3330 509 3396 Cn.
529 3331 715 3418 Pompeius
736 3331 914 3419 rogatione
930 3353 993 3396 sua
1009 3342 1042 3397 et
1057 3332 1100 3397 de
1116 3353 1153 3398 re
1170 3341 1204 3398 et

146 3432 190 3497 de
214 3451 321 3496 causa
341 3430 529 3519 judicavit:
545 3432 620 3495 tulit
636 3433 727 3496 enim
745 3433 787 3497 de
806 3432 912 3503 caede
928 3453 1018 3518 quae
1034 3431 1070 3497 in
1085 3431 1203 3518 Appia

144 3531 204 3597 via
219 3531 309 3596 sacta
325 3541 427 3607 esset,
445 3530 480 3594 in
497 3551 564 3616 qua
581 3531 622 3596 P.
642 3530 785 3623 Clodius
801 3531 935 3597 occisus
955 3542 1056 3596 esset.
1106 3530 1201 3617 Quid

146 3653 231 3719 ergo
243 3629 341 3696 tulit?
354 3649 478 3716 nempe
492 3640 529 3693 ut
540 3640 772 3715 quaereretur.
812 3629 907 3715 Quid
921 3652 1021 3714 porro
1033 3650 1202 3717 quaeren-

146 3732 228 3796 dum
246 3729 320 3797 est?
350 3729 540 3794 Factumne
557 3727 622 3793 sit?
646 3740 680 3793 at
696 3739 839 3794 constat.
877 3728 911 3793 A
926 3729 1017 3816 quo?
1040 3741 1074 3793 at
1090 3741 1198 3814 paret.

146 3831 243 3896 Vidit
269 3830 386 3917 igitur,
412 3828 514 3893 etiam
543 3827 579 3891 in
607 3827 823 3893 confessione
851 3828 946 3903 facti,
971 3828 1057 3915 juris
1084 3839 1201 3892 tamen

147 3931 384 3997 defensionem
408 3926 535 4014 suscipi
558 3947 673 4014 posse.
723 3925 916 4013 Quodnisi
940 3927 1080 3993 vidisset
1098 3948 1200 4013 posse
