2722 4438
117 291 175 330 xm.
191 272 252 344 35·]
285 272 347 339 He
369 274 520 362 losesby
543 276 599 341 the
622 276 740 342 Denta
766 281 813 366 (ff
836 277 989 345 Clodius.
1101 280 1165 365 183

122 473 334 562 imaginibus,
363 475 548 561 exsequiis,
572 497 712 562 pompa,
737 477 947 554 laudatione,
974 477 1165 545 infelicissi-

123 576 182 639 mis
217 574 320 661 lignis
352 574 625 652 semiustilatum,
656 577 846 665 nocturnis·
863 578 1005 643 canibus
1044 580 1165 644 dilani-

120 675 241 738 andum
258 673 435 761 reliquisti.
485 674 567 761 Qu
591 697 640 752 re,
665 676 726 742 etsi
751 676 880 741 nefarie
907 677 1028 755 fecisti,
1049 690 1164 744 tamen

119 774 274 860 quoniam
309 775 344 839 in
377 797 454 841 meo
486 776 624 842 inimico
656 776 890 843 crudelitatem
924 778 1164 864 exprompsisti

115 886 219 948 tuam,
237 876 379 941 laudare
404 899 473 942 non
498 898 651 961 possum,
667 876 769 942 irasci
795 889 885 942 certe
910 899 978 942 non
1003 878 1122 944 debeo.

156 991 202 1038 34.
224 974 397 1053 Audistis,
411 977 565 1066 judices,
592 986 759 1064 quantum
782 975 886 1042 Clodi
899 978 1092 1042 interfuerit
1107 999 1164 1044 oc-

113 1075 178 1140 cidi
206 1075 413 1142 Milonem:v
437 1076 620 1145 convertite
649 1078 781 1142 animos
813 1098 906 1142 nunc
937 1077 1087 1143 vicissim
1120 1079 1164 1144 ad

113 1175 293 1241 Milonem.
359 1174 454 1261 Quid
493 1176 636 1242 Milonis
675 1177 836 1242 intererat
869 1176 1015 1242 interfici
1047 1176 1164 1243 Clodi-

110 1274 190 1339 um?
239 1273 336 1359 Quid
360 1287 433 1341 erat
456 1298 517 1341 cur
540 1277 627 1342 Milo
649 1299 717 1342 non
740 1277 853 1342 dicam
878 1277 1082 1353 admitteret,
1104 1278 1165 1343 sed

110 1373 265 1460 optaret?
328 1375 515 1441 ‘Obstabat
544 1377 579 1441 in
612 1399 673 1462 spe
705 1378 902 1443 consulatus
930 1375 1055 1441 Miloni
1083 1375 1165 1443 Clo·

108 1476 211 1541 dius?
260 1473 309 1540 At
331 1497 372 1541 eo
398 1488 612 1564 repugnante
635 1478 750 1552 fiebat,
768 1477 875 1542 immo
896 1497 978 1541 vero
1001 1498 1041 1542 eo
1061 1477 1165 1543 fiebat

107 1575 243 1663 magis3
278 1597 343 1640 nec
367 1597 421 1641 me
450 1577 677 1664 suffragatore
706 1577 846 1641 meliore
874 1577 1032 1642 utebatur
1059 1597 1164 1664 quam

105 1674 246 1740 Clodio.
296 1675 444 1741 Valebat
468 1677 561 1760 apud
579 1699 653 1751 VOS,
675 1676 822 1764 judiceS,
845 1676 987 1741 Milonis
1008 1697 1092 1764 erga
1109 1697 1164 1741 me

104 1795 250 1861 remque
273 1775 446 1859 publicam
471 1775 668 1839 meritorum
693 1775 879 1849 memoria3
903 1776 1066 1840 valebant
1089 1797 1164 1861 pre-

105 1896 162 1940 ces
179 1887 214 1940 et
243 1875 411 1939 lacrimae
435 1886 583 1950 nostrae,
603 1876 726 1962 quibus
750 1896 816 1962 ego
840 1887 913 1941 tum
936 1898 997 1941 vos
1023 1875 1164 1941 mirifice

104 1974 237 2039 moveri
253 1975 443 2039 sentiebam
457 1998 466 2049 ;
491 1975 551 2040 sed
569 1975 646 2059 plus
662 1976 768 2040 multo
782 1975 918 2040 valebat
933 1975 1164 2060 periculorum

100 2072 382 2158 impendentium
398 2073 509 2140 timor.
559 2073 648 2160 Qis
665 2075 756 2141 enirn
780 2085 853 2140 erat
877 2075 1002 2140 civium
1019 2075 1076 2162 qui
1101 2074 1164 2141 sibi

100 2174 254 2238 solutam
282 2172 323 2237 P.
347 2172 448 2239 Clodi
472 2185 667 2259 praeturam
693 2174 766 2239 sine
792 2174 944 2239 maximo
965 2197 1079 2239 rerum
1104 2197 1165 2239 no·

97 2294 225 2337 varum
259 2284 353 2338 metu
375 2273 600 2360 proponeret?
656 2272 812 2339 Solutum
837 2285 951 2338 autem
976 2274 1048 2340 fore
1071 2275 1166 2340 vide·

97 2372 201 2450 batis,
231 2373 302 2438 nisi
327 2386 417 2439 esset
441 2374 469 2440 is
492 2374 625 2450 consul,
647 2373 705 2460 qui
725 2394 802 2440 earn
823 2375 965 2440 auderet
984 2386 1165 2460 possetque

96 2475 358 2561 constringere.
407 2474 497 2539 Eum
515 2473 683 2539 Milonem
700 2496 808 2539 unum
824 2492 899 2539 esse
924 2494 1002 2539 cum
1028 2475 1167 2539 sentiret

94 2575 291 2641 universus
316 2576 462 2661 populus
487 2575 681 2650 Romanus,
707 2574 783 2660 quis
807 2573 977 2639 dubitaret
1000 2573 1166 2662 suffragio

93 2696 157 2740 suo
193 2697 236 2741 se
273 2687 378 2751 metu,
408 2674 560 2760 periculo
592 2696 665 2738 rem
694 2673 868 2758 publicam
896 2672 1064 2739 liberare?
1118 2672 1167 2738 At

91 2797 205 2852 nunc,
229 2774 360 2842 Clodio
376 2786 517 2850 remoto,
537 2773 668 2839 usitatis
688 2773 761 2862 jam
779 2772 881 2837 rebus
898 2772 1095 2837 enitendum
1116 2783 1167 2837 est

91 2876 244 2952 Miloni,
265 2887 304 2940 ut
319 2885 453 2941 tueatur
469 2875 670 2963 dignitatern
696 2893 816 2939 suam:
853 2872 1038 2960 singularis
1058 2872 1117 2936 illa
1134 2882 1167 2937 et

88 2977 177 3044 huic
202 2976 271 3043 uni
290 2997 454 3042 concessa
471 2975 595 3063 gloria,
610 2995 699 3061 quae
717 2973 840 3038 cotidie
863 2972 1054 3059 augebatur
1074 2972 1165 3034 sran-

88 3079 226 3165 gendis
255 3077 428 3143 furoribus
452 3076 643 3152 Clodianis,
665 3076 739 3164 jam
764 3072 865 3139 Clodi
890 3083 996 3137 morte
1029 3070 1163 3136 cecidit.
1196 3132 1200 3145 ,

85 3177 165 3245 Vos
185 3178 314 3262 adepti
331 3178 424 3251 estis,
443 3198 605 3263 nequem
622 3176 732 3242 civem
756 3171 970 3238 metueretis:
996 3170 1052 3234 hic
1068 3191 1167 3235 exer·

86 3280 306 3346 citationem
331 3278 476 3353 virtutis,
502 3277 784 3364 suffragationem
810 3273 1019 3346 consulatus,
1037 3271 1165 3335 fontem

83 3399 299 3463 perennem
319 3378 450 3466 gloriae
473 3398 556 3443 suae
581 3376 739 3462 perdidit.
790 3373 910 3460 Itaque
927 3370 1068 3436 Milonis
1085 3391 1167 3435 con-

83 3478 251 3551 sulatus,
277 3478 335 3563 qui
359 3477 437 3542 vivo
461 3476 585 3543 Clodio
605 3473 804 3540 labefactari
825 3494 892 3537 non
913 3481 1057 3556 poterat,
1078 3492 1165 3534 mor-

79 3587 145 3641 tuo
178 3576 344 3661 denique
372 3576 529 3661 temptari
554 3578 694 3659 coeptus
719 3583 780 3637 est.
830 3570 912 3636 Non
937 3571 1040 3635 modo
1063 3569 1166 3658 igitur

80 3675 178 3739 nihil
199 3676 363 3760 prodest,
383 3675 444 3739 sed
459 3677 555 3741 obest
572 3675 672 3739 etiam
691 3670 792 3737 Clodi
810 3693 902 3736 mors
918 3669 1055 3736 Miloni.
1089 3713 1091 3717 ,

50 3769 54 3775 ’
127 3794 182 3841 35.
214 3772 287 3838 ‘At
309 3775 416 3839 valuit
439 3774 569 3850 odium,
588 3773 667 3838 fecit
682 3772 800 3847 iratus,
819 3770 898 3836 fecit
914 3770 1086 3845 inimicus,
1105 3769 1167 3833 suit

77 3876 181 3942 ultor
213 3873 383 3961 injuriae,
406 3874 560 3959 poenitor
587 3871 714 3937 doloris
742 3871 820 3936 sui.'
879 3869 997 3955 Quid?
1021 3870 1049 3936 si
1078 3871 1166 3934 haec

75 3999 157 4043 non
186 3974 283 4043 dico
306 3974 437 4064 majora
465 3973 600 4039 suerunt
625 3972 660 4037 in
688 3971 811 4037 Clodio
829 3992 932 4057 quarn
956 3971 990 4035 in
1017 3970 1163 4047 Milone,
