2722 4438
209 283 275 354 190
558 264 715 350 Desence
738 266 787 353 of
799 264 902 330 Mr'lu
1153 263 1253 333 [Muq

207 467 307 532 fuerit
331 464 452 551 aptior.
488 463 543 530 JId
568 486 663 541 vero,
686 465 834 553 judices,
853 464 955 530 etiam
980 464 1204 531 dubitandum
1226 476 1254 530 et
1339 470 1340 507 ³

207 567 332 632 diutius
361 564 583 652 cogitandum
606 563 677 630 est?
722 562 815 630 Ante
837 565 981 629 fundum
1002 564 1115 640 Clodi,
1134 587 1201 651 quo
1222 565 1253 630 in
1339 572 1340 577 ’

207 667 311 732 fundo
328 677 466 751 propter
484 665 623 730 insanas
640 664 718 729 illas
738 665 1004 730 substructiones
1027 664 1128 728 facile
1153 665 1255 729 homi·
1339 686 1340 719 t

207 789 289 831 num
307 767 399 831 mille
414 764 640 829 versabantur
652 765 852 841 valentium,
868 764 958 829 edito
972 764 1146 829 adversari
1161 776 1253 851 atque

207 867 344 932 excelso
361 866 450 937 loco,
475 864 686 950 superiorem
716 886 753 929 se
781 865 853 930 sore
881 875 1016 950 putarat
1040 864 1140 940 Milo,
1159 876 1192 929 et
1215 865 1253 930 ob

206 987 283 1031 eam
300 987 371 1030 rem
389 987 468 1030 eum
485 966 599 1030 locum
617 965 661 1030 ad
679 986 833 1053 pugnam
850 964 1063 1050 potissimum
1085 963 1253 1053 elegerat?

207 1086 251 1129 an
268 1066 303 1130 in
320 1086 360 1130 eo
377 1065 452 1130 loco
473 1076 524 1130 est
548 1064 658 1150 potius
687 1076 903 1152 exspectatus
930 1067 973 1130 ab
999 1087 1039 1131 eo
1067 1066 1125 1152 qui
1153 1066 1254 1152 ipsius

206 1164 272 1229 loci
289 1186 349 1249 spe
366 1164 479 1228 facere
496 1165 662 1250 impetum
683 1165 871 1254 cogitarat?
917 1166 990 1232 Res
1006 1166 1155 1252 loquitur
1170 1168 1253 1253 ipsa,

210 1264 357 1355 judices,
383 1285 472 1349 quae
504 1286 642 1351 semper
669 1267 761 1330 valet
792 1266 989 1352 plurimum.
1037 1284 1082 1331 54.
1106 1267 1145 1333 Si
1174 1268 1256 1332 haec

206 1386 275 1428 non
296 1375 394 1451 gesta
411 1364 587 1441 audiretis,
607 1366 668 1431 sed
685 1366 776 1451 picta
792 1366 964 1443 videretis,
982 1378 1098 1432 tamen
1115 1389 1256 1453 appare·

205 1475 256 1528 ret
272 1477 346 1529 uter
362 1476 451 1529 esset
467 1465 656 1543 insidiator,
675 1476 749 1530 uter
768 1466 853 1530 nihil
878 1467 1044 1554 cogitaret
1066 1468 1162 1544 mali,
1182 1489 1255 1532 cum

206 1565 290 1629 alter
305 1566 488 1629 veheretur
504 1566 538 1629 in
555 1566 660 1631 raeda
677 1567 893 1650 paenulatus‚
913 1588 981 1631 una
1001 1568 1136 1633 sederet
1159 1590 1254 1632 uxor.

206 1664 303 1751 Quid
327 1666 449 1731 horum
473 1687 542 1730 non
566 1665 888 1750 impeditissimum?
914 1668 1053 1732 vestitus
1078 1690 1122 1732 an
1145 1667 1257 1732 vehic-

204 1767 300 1830 ulum
329 1787 374 1828 an
402 1763 540 1829 comes?
603 1763 698 1849 Quid
726 1766 838 1830 minus
871 1779 1064 1851 promptum
1093 1768 1142 1832 ad
1172 1789 1256 1854 pug-

204 1888 298 1941 nam,
326 1887 404 1929 cum
433 1865 582 1949 paenula
610 1865 775 1940 inretitus,
803 1867 908 1930 raeda
933 1866 1128 1951 impeditus,
1153 1889 1255 1932 uxore

204 1986 316 2051 paene
337 1965 537 2029 constrictus
558 1963 668 2029 esset?
713 1963 838 2030 Videte
862 1986 954 2030 nunc
977 1965 1086 2041 illum,
1111 1967 1256 2051 primum

204 2064 440 2151 egredientem
464 2084 483 2127 e
507 2064 603 2138 villa,
628 2064 759 2128 subito:
792 2063 874 2128 cur?
910 2064 1065 2150 vesperi:
1095 2066 1178 2152 quid
1201 2087 1256 2129 ne-

204 2186 300 2229 cesse
325 2161 397 2227 est?
428 2163 545 2226 tarde:
573 2163 631 2248 qui
656 2164 827 2239 convenit,
849 2164 1047 2249 praesertim
1071 2165 1107 2230 id
1129 2177 1256 2249 tempo-

203 2262 272 2327 ris?
320 2261 524 2325 Devertitin
541 2263 658 2325 villam
675 2261 831 2347 Pompei.
880 2262 1082 2348 Pompeium
1108 2275 1144 2329 ut
1166 2265 1256 2328 vide-

203 2360 276 2426 ret?
309 2361 439 2426 sciebat
463 2361 497 2424 in
520 2359 671 2426 Alsiensi
699 2383 795 2427 esse:
827 2362 944 2426 villam
970 2374 1006 2426 ut
1029 2361 1255 2448 perspiceret?

204 2461 339 2525 miliens
359 2461 394 2524 in
415 2482 456 2524 ea
476 2460 596 2525 fuerat.
649 2460 744 2546 Qid
765 2483 849 2548 ergo
874 2460 966 2526 erat?
999 2483 1115 2527 morae
1140 2474 1173 2527 et
1194 2475 1255 2526 ter·

204 2561 473 2648 giversationes:
508 2561 603 2625 ⁴dum
638 2560 694 2625 hic
734 2561 877 2637 veniret,
914 2562 1027 2626 locum
1068 2563 1254 2649 relinquere

205 2661 324 2726 noluit.

249 2782 325 2826 xxr.
350 2779 394 2825 55.
418 2760 498 2849 Age
523 2782 636 2834 nunc;
661 2759 723 2826 iter
739 2761 887 2847 expediti
904 2761 1044 2826 latronis
1061 2783 1139 2826 cum
1156 2762 1254 2826 Milo·

204 2863 257 2928 nis
274 2861 528 2947 impedimentis
545 2870 754 2946 comparate.
804 2859 950 2946 Semper
973 2860 1030 2925 ille
1055 2873 1155 2926 antea
1180 2882 1253 2925 cum

206 2985 324 3038 uxore,
342 2974 414 3027 tum
438 2960 512 3026 sine
537 2981 599 3036 ea3
632 2980 820 3046 numquam
845 2960 908 3025 nisi
934 2959 968 3024 in
992 2961 1111 3036 raeda,
1129 2972 1200 3025 tum
1221 2960 1254 3023 in

205 3084 313 3149 equo;
343 3060 484 3126 comites
510 3058 686 3133 Graeculi,
707 3078 927 3146 quocumque
948 3059 1029 3135 ibat,
1052 3061 1155 3125 etiam
1179 3080 1254 3124 cum

205 3161 239 3224 in
257 3171 367 3226 castra
384 3159 529 3224 Etrusca
547 3159 764 3243 properabat,
779 3170 850 3222 tum
864 3179 1035 3246 nugarum
1048 3159 1083 3223 in
1097 3160 1254 3224 comitatu

205 3260 302 3324 nihil.
351 3259 452 3336 Milo,
471 3259 528 3346 qui
546 3279 747 3346 numquam,
765 3269 836 3322 tum
854 3280 936 3323 casu
952 3280 1077 3344 pueros
1094 3260 1254 3346 sympho-

205 3360 322 3424 niacos
338 3360 455 3425 uxoris
473 3361 620 3425 ducebat
637 3371 669 3425 et
689 3358 891 3424 ancillarum
915 3380 1053 3446 greges.
1103 3360 1179 3434 Ille,
1197 3354 1253 3443 qui

206 3480 340 3543 semper
364 3482 481 3526 secum
507 3472 631 3536 scorta,
650 3481 787 3545 semper
810 3460 974 3536 exoletos
997 3482 1134 3545 semper
1156 3461 1252 3544 lupas

206 3557 356 3633 duceret,
383 3570 455 3623 tum
484 3560 670 3636 neminem,
692 3560 757 3644 nisi
785 3572 822 3625 ut
846 3561 955 3625 virum
981 3581 1002 3624 a
1030 3561 1102 3626 viro
1129 3562 1252 3625 lectum

205 3678 280 3721 esse
298 3657 441 3723 diceres.
491 3659 563 3726 Cur
581 3660 686 3748 igitur
704 3661 813 3727 victus
836 3660 907 3726 est?
957 3660 1049 3744 Quia
1074 3683 1142 3726 non
1165 3679 1251 3725 sem-

206 3778 267 3840 per
277 3756 386 3821 viator
399 3779 418 3821 a
432 3760 574 3835 latrone,
590 3783 659 3824 non
672 3782 858 3847 numquam
874 3762 974 3826 etiarn
992 3762 1077 3825 latro
1095 3762 1250 3826 aviatore

205 3856 390 3920 occiditur:
420 3858 512 3939 quia,
533 3881 742 3944 quamquam
766 3873 905 3945 paratus
921 3861 955 3925 in
972 3861 1155 3946 imparatos
1171 3858 1250 3924 Clo·

204 3953 294 4029 dius,
321 3964 436 4015 tamen
462 3955 582 4017 mulier
605 3957 772 4023 inciderat
794 3960 829 4023 in
853 3962 955 4026 viros.
1004 3979 1049 4026 eu.
1073 3961 1148 4027 Nec
1171 3975 1249 4023 veto
