2722 4438
220 256 284 342 164
472 251 618 318 Ct‘cero’s
641 251 749 318 Ext‘le
771 253 846 316 and
864 251 1031 316 Return.
1129 247 1279 318 [sesnes

261 472 308 519 ta.
331 453 436 541 Atqui
460 475 504 518 ne
527 475 571 518 ex
594 473 635 519 eo
659 453 797 540 quidem
814 463 972 538 tempore
991 451 1028 516 id
1047 450 1123 539 egit
1139 450 1281 529 Sestius
1307 440 1308 443 ¹

217 567 253 621 ut
269 579 289 620 a
305 557 375 621 suis
393 555 540 618 munitus
557 564 626 617 tuto
642 553 676 616 in
693 552 766 617 foro
784 554 1032 640 magistratum
1047 563 1201 638 gereret,
1216 574 1283 617 rem

216 657 388 742 publicam
408 655 669 718 administraret.
711 652 831 739 Itaque
848 653 956 717 fretus
975 652 1168 716 sanctitate
1185 653 1283 719 tribu·
1307 680 1308 739 ς

217 744 329 831 natus,
354 776 432 819 cum
455 776 496 835 ‘se
525 775 593 818 non
622 753 723 818 modo
747 765 865 817 contra
888 753 961 816 vim
988 764 1026 816 et
1052 751 1200 825 ferrum,
1227 752 1308 821 sed

217 857 319 920 etiam
336 868 453 919 contra
467 855 571 918 verba
589 865 689 938 atque
706 852 959 917 interfationem
979 851 1129 938 legibus
1147 851 1283 915 sacratis
1307 840 1308 843 ¹

217 977 293 1020 esse
314 969 481 1019 armatum
500 964 646 1037 putaret,
666 953 759 1016 venit
777 952 812 1016 in
834 952 1008 1037 templum
1035 950 1213 1027 Castoris,
1230 953 1284 1016 ob·

218 1053 384 1118 nuntiavit
407 1052 559 1117 consuli:
592 1073 670 1116 cum
688 1046 798 1116 subito
815 1073 937 1116 manus
955 1053 1021 1116 illa
1041 1050 1234 1125 Clodiana,
1252 1051 1283 1116 in

217 1153 324 1218 caede
353 1152 477 1216 civium
505 1172 610 1236 saepe
633 1151 706 1239 jam
730 1151 864 1226 victrix,
888 1153 1087 1226 exclamat,
1111 1150 1281 1224 incitatur,

217 1253 366 1326 invadit;
391 1252 556 1316 inermem
571 1263 674 1337 ¹atque
691 1250 895 1336 imparatum
913 1252 1102 1315 tribunum
1129 1249 1188 1313 alii
1202 1251 1281 1336 ¹gla-

217 1352 281 1417 diis
306 1341 516 1427 adoriuntur,
535 1351 591 1415 alii
617 1351 818 1438 fragmentis
841 1362 1044 1436 saeptorum
1063 1362 1100 1415 et
1118 1349 1280 1413 fustibus:

217 1453 377 1539 aquibus
395 1451 462 1526 hic,
478 1453 591 1515 multis
605 1450 800 1517 volneribus
818 1452 979 1536 acceptis,
1001 1449 1089 1538 [ac]
1108 1449 1280 1513 debilitato

216 1575 359 1638 corpore
375 1567 408 1618 et
424 1554 668 1628 contrucidato,
687 1575 724 1617 se
744 1553 868 1640 abjecit
890 1553 1144 1624 exanimatus3
1175 1569 1280 1634 neque

216 1654 286 1718 ulla
312 1654 378 1719 alia
403 1677 438 1720 re
459 1656 501 1719 ab
519 1675 555 1719 se
573 1668 714 1719 mortem
731 1653 795 1717 nisi
812 1652 973 1737 opinione
991 1652 1121 1718 mortis
1140 1648 1276 1734 depulit.

218 1752 334 1839 Quem
361 1775 437 1819 curn
455 1756 626 1844 jacentem
644 1766 676 1819 et
692 1753 865 1819 concisum
885 1753 1046 1838 plurimis
1064 1750 1276 1821 volneribus

217 1870 370 1920 extremo
394 1856 512 1941 spiritu
534 1877 747 1943 exsanguem
764 1866 797 1919 et
813 1854 1007 1919 consectum
1026 1854 1206 1924 viderent,
1225 1849 1275 1913 de-

217 1954 414 2042 fetigatione
433 1956 544 2044 magis
561 1968 593 2021 et
610 1979 722 2022 errore
739 1977 843 2042 quam
861 1955 1104 2022 misericordia
1123 1964 1158 2019 et
1181 1950 1275 2016 modo

218 2055 402 2140 aliquando
420 2057 564 2121 caedere
581 2058 790 2122 destiterunt.

261 2171 308 2217 4³.
331 2154 427 2221 Adiit
443 2157 487 2221 ad
503 2178 574 2220 rem
588 2158 760 2241 publicam
778 2155 949 2244 [tribunus
966 2156 1103 2244 plebis]
1122 2153 1274 2227 Milo,-

217 2256 260 2320 de
278 2255 374 2343 cujus
390 2257 492 2321 laude
510 2257 607 2341 plura
624 2257 750 2331 dicam,
766 2280 834 2322 non
851 2280 918 2344 quo
936 2271 993 2322 aut
1009 2258 1089 2343 ipse
1108 2257 1199 2321 haec
1211 2249 1271 2316 dici

217 2377 320 2440 quam
349 2353 536 2421 existimari
565 2358 671 2433 malit,
694 2370 752 2423 aut
779 2379 845 2446 ego
870 2359 961 2422 hunc
986 2359 1103 2424 laudis
1130 2356 1271 2420 fructum

217 2457 387 2541 praesenti
415 2458 558 2523 libenter
585 2459 791 2543 impertiam,
820 2459 1018 2544 praesertim
1049 2481 1134 2525 cum
1165 2452 1268 2520 verbis

217 2557 379 2643 consequi
402 2581 468 2623 non
494 2558 642 2643 possim3
676 2560 734 2624 sed
760 2560 850 2645 quod
876 2560 1045 2636 existimo,
1071 2560 1102 2626 si
1132 2551 1268 2623 Milonis

217 2677 357 2722 causam
376 2660 582 2724 accusatoris
599 2681 683 2724 voce
703 2660 943 2724 conlaudatam
968 2661 1134 2745 probaro,
1154 2679 1214 2722 vos
1236 2652 1266 2716 in

217 2758 282 2822 hoc
299 2758 440 2823 crimine
458 2762 575 2843 parem
593 2758 682 2824 Sesti
699 2781 839 2824 causam
861 2760 1128 2826 existimaturos.
1179 2752 1268 2822 Adiit

217 2858 319 2945 igitur
342 2858 387 2923 T.
410 2858 546 2924 Annius
563 2860 607 2924 ad
624 2881 765 2924 causam
782 2860 829 2924 rei
848 2861 1005 2944 publicae
1022 2861 1085 2938 sic,
1107 2872 1144 2925 ut
1161 2858 1264 2924 civem

216 2960 346 3044 patriae
373 2981 577 3045 recuperare
605 2960 707 3024 vellet
734 2972 900 3044 ereptum.
961 2960 1121 3047 Simplex
1150 2975 1263 3026 causa,

216 3075 376 3125 constans
394 3060 491 3134 rati0,
510 3050 613 3144 plena
630 3060 864 3125 consensionis
881 3062 1047 3137 omnium,
1067 3065 1171 3147 plena
1189 3077 1262 3123 con-

216 3162 365 3225 cordiae.
401 3160 577 3248 Conlegas
590 3160 762 3247 adjutores
776 3162 943 3227 habebat:
966 3164 1115 3230 consulis
1130 3157 1262 3227 alterius

216 3283 387 3325 summurn
421 3262 581 3337 studium,
609 3261 746 3326 alterius
779 3262 913 3328 animus
946 3285 1055 3350 paene
1089 3266 1257 3351 placatust

216 3361 258 3425 de
278 3363 489 3446 praetoribus
513 3386 602 3429 unus
626 3363 779 3439 alienus3
812 3374 950 3430 senatus
974 3363 1184 3430 incredibilis
1207 3377 1259 3420 vo·

215 3461 340 3539 luntas,
356 3463 506 3549 equitum
524 3465 762 3530 Romanorum
779 3463 884 3528 animi
901 3465 945 3529 ad
959 3486 1097 3529 causam
1113 3454 1254 3529 excitati,

215 3575 327 3628 erecta
345 3563 455 3628 Italia.
506 3565 584 3630 Duo
601 3565 663 3629 soli
681 3564 778 3628 erant
794 3564 898 3649 empti
916 3565 961 3629 ad
985 3562 1255 3649 impediendum:
1307 3550 1308 3557 ἵ

214 3663 271 3749 qni
289 3664 317 3729 si
335 3664 489 3728 homines
510 3666 659 3749 despecti
679 3676 712 3728 et
736 3664 918 3748 contempti
943 3674 1069 3728 tantam
1095 3685 1164 3729 rem
1188 3676 1254 3723 sus·

214 3764 319 3828 tinere
355 3785 423 3827 non
461 3763 660 3847 potuissent,
691 3784 727 3828 se
760 3784 898 3827 causam
932 3785 1034 3849 quarn
1067 3760 1254 3844 susceperat

213 3866 307 3928 nullo
325 3865 440 3927 labore
458 3875 673 3946 peracturum
694 3863 843 3925 videbat.
892 3860 1031 3949 Agebat
1050 3860 1248 3926 auctoritate,

214 3965 340 4049 agebat
367 3963 519 4038 consili0,
539 3961 663 4051 agebat
687 3981 748 4044 per
764 3982 935 4025 summurn
952 3961 1118 4037 ordinem,
1137 3955 1250 4046 agebat
