2572 4442
165 273 207 360 76
388 274 568 362 Pompey’s
590 273 758 361 llffilr'tary
788 273 987 340 Command.
1203 302 1206 308 ·

996 358 1171 481 lauissap..

163 488 329 560 tempore,
351 485 464 539 tamen
488 474 531 539 ad
553 485 684 540 tantum
708 474 838 539 bellum
863 473 891 540 is
916 487 989 540 erat
1012 473 1079 539 deli
1107 475 1206 540 endus

165 589 264 662 atque
283 575 487 639 mittendus:
511 595 603 638 nunc
620 596 698 638 cum
717 576 760 639 ad
777 588 907 639 ceteras
924 596 1076 639 summas
1093 575 1207 639 utilita-

163 689 213 741 tes
231 678 317 740 haec
332 695 468 761 quoque
481 675 715 758 opportunitas
733 674 952 761 adjungatur,
967 687 1004 738 ut
1019 675 1053 738 in
1068 675 1117 739 eis
1132 675 1206 760 ipsis

163 776 247 840 locis
272 776 371 849 adsit,
394 786 430 837 ut
454 773 580 836 habeat
603 773 804 847 exercitum,
825 785 862 838 ut
886 775 929 838 ab
949 774 1072 860 eisqui
1090 773 1207 838 habent

164 875 320 959 accipere
336 873 448 938 statim
465 871 582 957 possit,
602 871 684 958 quid
701 872 964 957 exspectamus?
996 883 1054 937 aut
1070 893 1130 938 cur
1144 895 1207 938 non

163 975 308 1039 ducibus
324 974 376 1038 dis
394 971 641 1037 immortalibus
654 970 780 1046 eidem,
796 972 850 1035 cui
867 983 980 1037 cetera
991 994 1125 1056 summa
1135 993 1206 1038 cum

164 1077 271 1140 salute
289 1074 337 1139 rei
355 1073 512 1159 publicae
530 1070 713 1136 commissa
731 1083 820 1147 sunt,
840 1073 906 1137 hoc
927 1094 1062 1159 quoque
1086 1073 1207 1137 bellum

163 1174 299 1260 regium
316 1170 589 1271 comt-Qum?

208 1291 248 1338 51.Ἰ
272 1273 320 1338 At
343 1274 433 1338 enirn
455 1273 507 1336 vir
524 1269 747 1346 clarissimus,
766 1270 1022 1337 amantissimus
1038 1273 1087 1337 rei
1104 1272 1210 1358 publi·

164 1396 239 1450 cae,
255 1374 374 1439 vestris
386 1372 561 1438 beneficiis
577 1371 796 1455 amplissimis
809 1369 975 1448 adiectus,
1033 1419 1039 1432 .
1055 1370 1207 1448 Catulus,

164 1473 313 1561 itemque
331 1473 472 1538 summis
488 1471 696 1566 erntis
714 1470 865 1545 honoris,
884 1470 1052 1548 fortunae,
1068 1484 1207 1549 vrrtut1s‚

164 1574 282 1661 ingeni
308 1573 495 1657 praeditus,
515 1562 812 1685 Qus,
835 1571 877 1635 ab
902 1571 969 1636 hac
991 1573 1121 1637 ratione
1144 1573 1211 1638 dis·

164 1674 323 1740 sentiunt.
373 1671 531 1756 Quorum
555 1692 621 1758 ego
644 1671 878 1735 auctoritatem
903 1671 993 1757 apud
1015 1695 1077 1738 vos
1100 1675 1211 1739 multis

164 1774 248 1839 locis
272 1773 457 1859 plurimum
480 1771 629 1836 valuisse
654 1783 687 1835 et
711 1772 825 1835 valere
849 1784 1004 1857 oportere
1029 1773 1210 1849 confiteor3

165 1874 225 1940 s‘ed
242 1874 276 1938 in
294 1872 360 1938 ha'c
377 1893 495 1947 causa,
513 1870 646 1936 tametsi
664 1871 877 1957 cognoscetis
894 1872 1109 1938 auctoritates
1133 1895 1214 1938 con-

163 1975 284 2038 trarias
306 1974 456 2036 virorum
473 1969 732 2036 fortissimorum
750 1982 783 2035 et
799 1971 1080 2048 clarissimorum,
1098 1984 1210 2038 tamen

127 2156 130 2161 1
163 2073 299 2139 omissis
316 2071 571 2137 auctoritatibus
587 2070 662 2155 ipsa
678 2092 714 2134 re
732 2090 773 2135 ac
790 2070 919 2137 ratione
936 2073 1116 2158 exquirere
1135 2094 1212 2158 pos-

164 2195 281 2239 sumus
308 2172 499 2245 veritatem,
526 2182 627 2256 atque
651 2171 720 2277 Q
742 2169 889 2248 facilius,
917 2172 1007 2258 quod
1031 2193 1073 2237 ea
1096 2173 1215 2239 omnia

163 2296 252 2362 quae
277 2295 296 2337 a
321 2295 375 2337 me
395 2273 509 2336 adhuc
525 2271 615 2336 dicta
633 2284 723 2345 sunt,
743 2272 854 2336 eidem
871 2272 924 2337 isti
942 2294 1023 2337 vera
1040 2291 1115 2338 esse
1132 2295 1217 2338 con-

164 2376 301 2448 cedunt,
312 2382 402 2437 -et
414 2372 644 2436 necessarium
659 2371 786 2435 bellum
801 2393 876 2436 esse
889 2384 922 2437 et
936 2394 1113 2460 magnum,
1128 2385 1164 2439 et
1178 2374 1218 2440 in

162 2497 231 2539 uno
251 2472 319 2539 Cn.
336 2466 503 2557 Pompeio
524 2491 659 2537 summa
684 2492 759 2536 esse
783 2472 911 2536 omnia.
976 2489 1005 2536 a.
1029 2471 1124 2560 Qud
1149 2474 1220 2562 igi·

161 2586 216 2639 tur
232 2575 278 2638 ait
296 2570 521 2638 Hortensius?
567 2570 605 2636 Si
623 2570 682 2634 uni
705 2570 821 2635 omnia
845 2572 909 2636 trib
956 2574 1025 2638 uda
1048 2575 1114 2638 sint
1138 2575 1220 2662 dig-

163 2674 342 2740 nissimum
360 2692 435 2737 esse
452 2671 669 2755 Pompeium,
687 2670 748 2736 sed
766 2671 810 2735 ad
827 2694 933 2736 unum
957 2684 1072 2739 tamen
1096 2675 1221 2741 omnia

163 2773 287 2839 deferri
315 2795 384 2838 non
412 2783 580 2857 oportere.
597 2750 809 2836 *obsolevit
830 2772 903 2861 jam
932 2773 995 2838 ista
1025 2774 1147 2851 oratio,
1179 2797 1223 2841 re

163 2878 268 2940 multo
285 2873 397 2961 magis
414 2895 517 2958 quam
534 2872 648 2936 verbis
664 2871 821 2936 refutata.
870 2872 963 2937 Nam
982 2886 1017 2939 tu
1037 2874 1143 2950 idem,
1165 2875 1228 2961 Q.

164 2975 338 3049 Hortensi,
358 2974 463 3037 multa
480 2994 541 3057 pro
558 2984 616 3036 tua
632 2992 766 3036 summa
788 2972 886 3058 copia
907 2994 947 3039 ac
971 2975 1139 3063 singulari
1166 2976 1226 3041 fa·

162 3077 285 3140 cultate
310 3072 445 3139 dicendi
470 3085 503 3136 et
526 3071 561 3135 in
587 3082 706 3136 senatu
731 3083 847 3136 contra
871 3073 982 3138 virum
1006 3074 1142 3151 fortem,
1170 3074 1223 3142 A.

161 3175 376 3244 Gabinium,
385 3172 535 3260 graviter
558 3182 745 3256 ornateque
770 3172 897 3249 dixisti,
920 3195 999 3239 curn
1023 3174 1052 3240 is
1076 3174 1119 3241 de
1145 3198 1227 3242 uno

160 3276 364 3360 imperatore
388 3284 505 3339 contra
530 3274 722 3357 praedones
744 3275 980 3341 constituendo
1000 3277 1115 3363 legem
1137 3299 1229 3361 pro-

160 3377 361 3461 mulgasset,
385 3385 484 3438 etex
509 3373 575 3438 hoc
598 3372 673 3456 ipso
698 3373 773 3437 loco
797 3376 965 3458 permulta
990 3375 1070 3441 item
1083 3386 1228 3440 'contra

161 3497 237 3540 eam
262 3476 380 3562 legem*
400 3474 505 3538 verba
533 3472 653 3537 fecisti.
701 3487 747 3535 aa.
772 3472 889 3559 Quid?
926 3486 1010 3550 tum,
1036 3497 1098 3561 per
1130 3476 1229 3540 deos

160 3572 381 3640 immortalisl
410 3573 438 3639 si
463 3574 541 3658 plus
559 3573 650 3657 apud
667 3575 832 3659 populum
850 3573 1049 3639 Romanum
1066 3575 1231 3640 auctori-

149 3688 211 3740 tas
227 3686 285 3739 tua
302 3696 404 3761 quam
423 3673 529 3759 ipsius
547 3673 662 3757 populi
681 3673 832 3739 Romani
849 3674 942 3739 salus
959 3686 993 3738 et
1008 3695 1089 3739 vera
1106 3695 1231 3738 causa

159 3775 336 3849 valuisset,
359 3774 460 3838 hodie
486 3774 575 3836 hanc
599 3773 745 3858 gloriam
770 3787 872 3859 atque
896 3774 962 3838 hoc
985 3774 1076 3839 orbis
1100 3786 1232 3839 terrae

160 3875 340 3960 imperium
357 3871 573 3938 teneremus?
618 3871 675 3936 An
693 3873 752 3937 tibi
769 3884 840 3937 tum
857 3873 1038 3957 imperium
1056 3875 1123 3937 lroc
1138 3892 1232 3936 esse

159 3977 351 4051 videbatur,
370 3994 449 4038 cum
465 3972 582 4058 populi
600 3972 751 4037 Romani
769 3972 873 4063 legati
890 3984 1088 4060 quaestores
1111 3993 1233 4060 prae-
