2572 4442
257 56 463 139 now-0,
492 3 604 118 <inm
672 10 762 102 inst
785 58 824 101 2:
856 19 912 93 ss·-
1084 72 1116 95 ψ

80 277 136 319 ¹111·
153 261 205 332 38.]
251 259 323 327 His
345 257 522 344 Quaelr'tr'es
544 260 582 325 in
605 260 914 327 Adrnc‘nistraetion.
1067 276 1107 347 71

78 464 243 538 misissent,
262 480 359 546 spem
376 459 556 526 deditionis
573 482 642 526 non
662 459 800 536 ademit,
819 460 1024 549 obsidesque
1048 462 1111 526 im-‘

0 625 1 642 ,
76 563 205 651 peravit.
253 561 305 625 Ita
344 570 476 625 tantum
517 561 658 636 bellum,
692 570 763 624 tarn
798 561 1008 678 Q,
1040 572 1110 627 tam

4 676 6 684 '
76 666 167 750 longe
190 662 321 747 lateque
346 660 552 745 dispersum,
576 682 643 747 quo
667 661 757 725 bello
781 683 900 727 omnes
924 675 1045 750 gentes
1069 684 1111 728 ac

0 808 1 815 κ
76 764 216 828 nationes
242 760 497 845 premebantur,
520 759 588 825 Cn.
611 759 795 845 Pompeius
819 775 973 852 Q
997 765 1122 850 Q·

0 874 2 905 =
33 923 35 926 v
81 859 250 950 ,Qrit
276 858 415 985 ignnte
438 880 520 953 Ἦ
545 881 584 925 su
605 858 706 945 cepit,
733 844 1117 1025 meodgsse‘dtatessdn‘·

75 962 154 1027 fecit.
567 1016 573 1023 .
837 951 866 1035 ,¹
1228 1024 1235 1045 ‚

111 1080 185 1126 x111.
279 1059 342 1125 Est
369 1059 456 1125 haec
483 1059 600 1126 divina
633 967 859 1147 atquedincre
885 1062 895 1127 i
921 1033 985 1130 ilis'
1004 942 1149 1153 vssiisssgl
1174 970 1229 1117 ‘7

73 1161 285 1246 imperatoris.
351 1158 447 1245 Quid
485 1171 632 1235 ceterae,
665 1181 752 1245 quas
783 1162 886 1245 paulo
915 1173 993 1227 ante
1020 1183 1114 1228 com-

73 1283 250 1327 memorare
264 1281 458 1345 coeperam,
474 1270 622 1346 quantae
635 1270 736 1345 atque
749 1251 853 1346 quam
871 1263 997 1326 multae
1014 1261 1113 1327 sunt?

72 1359 143 1425 Non
159 1362 251 1425 enim
266 1359 419 1426 bellandi
437 1359 542 1423 virtus
559 1359 670 1424 solum
687 1358 722 1422 in
738 1381 874 1425 summo
898 1381 939 1425 ac
962 1361 1113 1447 perfecto

71 1461 266 1545 imperatore
285 1458 484 1546 quaerenda
502 1470 564 1533 est,
583 1459 644 1523 sed
661 1460 788 1523 multae
805 1471 989 1585 sunt)rtes
1005 1461 1114 1525 exim-

71 1559 117 1624 iae
129 1561 229 1649 hujus
242 1559 464 1625 administrae
478 1557 686 1643 comitesque
699 1558 842 1624 virtutis.
882 1558 938 1624 Ac
951 1560 1112 1644 primum,

70 1672 187 1744 quanta
214 1658 388 1724 innocenti
440 1659 580 1723 debent*
596 1678 673 1722 esse
704 1656 949 1742 imperatores?
986 1672 1114 1746 quanta

70 1759 184 1825 deinde
208 1678 433 1824 iffi
455 1758 558 1822 rebus
585 1756 833 1842 temperantia?
869 1770 997 1844 quanta
1021 1724 1279 1863 int

70 1872 187 1945 quanta
219 1856 405 1924 facilitate?
439 1869 567 1943 quanto
599 1855 761 1942 ingenio?
797 1870 925 1943 quanta
957 1859 1116 1923 humani-

69 1959 150 2024 tate?
197 1958 301 2043 Qae
317 1957 465 2050 Q
480 1957 596 2042 qualia
613 1954 729 2022 sintin
744 1955 811 2021 Cn.
827 1956 992 2042 Pompeio
1005 1960 1116 2024 consi-

69 2058 242 2125 deremus:
277 2078 412 2123 summa
436 2057 528 2121 enim
551 2055 667 2121 omnia
692 2068 781 2132 sunt,
804 2055 969 2140 Quirites,
992 2059 1053 2124 sed
1074 2080 1116 2124 ea

68 2161 172 2248 magis
189 2181 236 2225 ex
255 2159 398 2223 aliorum
417 2156 631 2221 contentione
643 2177 752 2244 ³quam
776 2157 851 2241 ipsa
876 2179 937 2243 per
960 2180 1036 2223 sese
1060 2181 1117 2224 co-

68 2260 183 2351 gnosci
193 2271 298 2345 atque
311 2257 465 2343 intellegi
478 2267 713 2419 possuntffl.
738 2255 853 2340 Quem
865 2258 956 2322 enim
969 2258 1118 2343 impera-

66 2371 165 2427 torem
182 2378 371 2446 possumns
388 2357 458 2420 ullo
471 2356 510 2420 in
527 2378 609 2419 num
649 2379 669 2421 o
687 2368 818 2441 putare,
839 2356 936 2444 cujus
960 2357 995 2421 in
1019 2380 1117 2423 exer·
1187 2368 1208 2386 '¹

67 2460 126 2525 citu
145 2458 360 2526 centuriatus
379 2468 528 2521 veneant
546 2467 648 2542 atque
670 2455 883 2558 QQE}
906 2456 1000 2542 Qid
1025 2459 1117 2523 hunc

65 2558 237 2625 hominem
258 2525 669 2644 magnuffi'ffimplum
686 2556 782 2620 dere
799 2557 936 2641 publica
950 2556 1115 2644 cogitare,
1149 2624 1151 2633 ,

66 2659 116 2744 qui
153 2656 356 2744 pecuniam,
391 2677 436 2720 ex
474 2655 606 2719 aerario
643 2654 881 2740 depromptam
913 2655 957 2720 ad
988 2657 1117 2721 bellurn
1144 2736 1152 2749 Ι

65 2757 386 2831 administrandum,
414 2767 471 2819 aut
498 2766 636 2839 propter
667 2754 886 2839 cupiditatem
919 2756 1151 2847 provinciae„
1187 2790 1191 2799 ‚
1226 2820 1230 2829 ,

65 2857 321 2948 magistratibus
345 2854 508 2937 (ΜΨ,
533 2865 592 2918 aut
614 2865 751 2939 propter
779 2854 956 2918 avaritiam
981 2855 1117 2939 Romae

63 2957 94 3023 in
122 2968 275 3047 quaestu
306 2952 501 3041 reliquerit?
562 2952 686 3017 Vestra
719 2953 987 3019 admurmuratio
1021 2955 1114 3032 facit,

66 3056 229 3143 Quinta,
261 3069 299 3121 ut
326 3074 515 3142 agnoscere
542 3052 727 3117 videamini
753 3054 810 3140 qui
839 3055 926 3118 haec
954 3054 1115 3119 fecerint:

62 3180 122 3245 ego
140 3169 262 3224 autem
279 3155 418 3221 nomino
436 3153 629 3226 neminem;
654 3173 722 3238 qua
739 3176 775 3217 re
792 3153 894 3218 irasci
912 3154 995 3217 mihi
1015 3177 1117 3225 nemo

64 3259 194 3339 poterit,
214 3256 282 3322 nisi
301 3255 359 3341 qui
385 3265 462 3318 ante
485 3254 529 3318 de
553 3274 590 3318 se
613 3253 766 3339 Qsslli.
780 3253 946 3317 confiteri.
996 3255 1117 3342 Itaque

63 3370 199 3443 propter
222 3358 315 3421 hanc
337 3353 515 3419 avaritiam
539 3352 782 3437 imperatorum
806 3364 952 3440 quantas
976 3356 1119 3420 calami-

63 3464 156 3533 tates,
183 3475 404 3547 quocumque
427 3464 567 3517 ventum
592 3464 653 3528 est,
678 3453 783 3517 nostri
810 3453 980 3520 exercitus
1007 3455 1120 3521 ferant

62 3556 133 3639 quis
161 3553 325 3644 ignorat?
370 3569 416 3616 aa.
440 3552 566 3618 Itinera
594 3573 681 3639 quae
714 3574 775 3637 per
791 3554 909 3620 ‘hosce
942 3577 1050 3621 annos
1081 3557 1117 3619 in

63 3650 158 3720 ltalia
175 3677 242 3741 per
258 3676 365 3742 agros
379 3666 478 3740 atque
495 3648 622 3737 oppida
639 3652 765 3717 civium
783 3652 1021 3720 Romanorum
1040 3677 1117 3720 nos·

0 3823 1 3842 ἶ
18 3746 49 3791 ‘³‘
62 3754 100 3818 tri
115 3756 345 3842 imperatores
362 3753 394 3818 fe
456 3753 463 3766 ’
492 3764 504 3817 t
521 3752 770 3827 rewdamini:
795 3763 867 3817 tum
891 3753 1026 3820 facilius
1051 3765 1118 3820 sta'-

18 3834 159 3920 iniretis
192 3853 278 3941 quid
310 3875 377 3940 apu
433 3864 569 3935 creterras
605 3851 760 3917 nationes
795 3853 868 3918 fieri
904 3850 1114 3927 existimetis.

32 3944 37 3961 '
63 3951 187 4021 Utrum
221 3954 329 4040 pluris
361 3952 570 4018 arbitramini
603 3974 664 4037 per
696 3953 799 4019 hosce
832 3955 1117 4046 annoslrnilitum

259 4032 524 4191 tam,

476 4204 487 4237 'l

438 4242 487 4393 d
