2760 4448
130 299 161 338 n.
179 284 215 353 a]
290 282 495 348 Charactcr
517 283 591 348 and
610 282 746 349 Motive
769 282 818 367 eff
830 281 887 348 the
916 279 952 348 T
947 280 1030 346 rial.
1147 298 1188 368 25

127 483 318 648 QUOD
354 493 427 548 erat
458 484 647 569 optandum
679 482 845 557 maxime,
866 482 1013 571 judices,
1039 493 1072 548 et
1097 483 1190 570 quod

253 606 372 650 unum
397 584 443 648 ad
472 584 635 648 invidiam
659 583 763 648 vestri
788 583 917 648 ordinis
944 581 1190 669 infamiamque

124 686 342 775 judiciorum
384 684 575 749 sedandam
615 683 767 747 maxime
807 682 1008 767 pertinebat,
1047 682 1082 747 id
1120 704 1189 748 uon

120 790 275 852 humano
313 786 474 859 consilio,
504 784 565 848 sed
590 805 704 869 prope
736 783 897 847 divinitus
935 782 1050 846 datum
1089 795 1189 868 atque

118 888 275 951 oblatum
303 888 409 952 vobis
443 905 577 951 summo
609 883 657 947 rei
690 881 849 968 publicae
874 893 1026 967 ternpore
1043 881 1186 946 videtur.

118 988 339 1052 Inveteravit
363 987 454 1052 enim
476 986 550 1073 jam
574 981 690 1068 opinio
714 981 907 1068 perniciosa
934 980 983 1046 rei
1015 980 1187 1066 publicae,

119 1087 292 1173 vobisque
326 1086 534 1172 periculosa,
560 1104 650 1171 quae
682 1105 750 1148 non
781 1083 882 1148 modo
906 1081 998 1168 apud
1022 1080 1187 1166 populum

118 1188 346 1263 Romanum,
364 1187 424 1252 sed
442 1186 544 1251 etiam
571 1184 664 1269 apud
689 1196 825 1249 exteras
849 1182 1017 1256 nationes,
1035 1180 1188 1247 omnium

119 1309 289 1353 sermone
327 1286 557 1373 percrebruit:
584 1285 637 1350 his
671 1283 809 1373 judiciis
846 1304 935 1370 quae
972 1302 1065 1348 nunc
1095 1291 1186 1358 sunt,

119 1386 356 1471 pecuniosum
396 1387 584 1460 hominem,
622 1386 781 1472 quamvis
820 1383 862 1450 sit
900 1404 1041 1457 nocens,
1080 1381 1188 1448 nerni-

120 1509 197 1552 nem
240 1507 349 1573 posse
387 1485 557 1551 damnari.
605 1499 634 1546 u.
658 1485 776 1561 Nunc,
808 1485 843 1549 in
881 1484 956 1570 ipso
991 1482 1187 1549 discrimine

119 1588 254 1653 ordinis
278 1586 555 1674 judiciorumque
570 1597 774 1660 vestrorum,
801 1605 879 1650 cum
905 1585 972 1651 sint
996 1583 1105 1669 parati
1129 1581 1187 1668 qui

121 1687 345 1752 contionibus
369 1697 402 1750 et
425 1686 561 1772 legibus
585 1687 676 1750 hanc
699 1685 866 1750 invidiam
891 1695 1029 1750 senatus
1054 1682 1188 1748 inflam-

122 1809 216 1853 mare
237 1798 420 1861 conentur,
451 1785 565 1874 [reus]
594 1786 628 1850 in
650 1786 818 1874 judicium
845 1786 1013 1850 adductus
1041 1796 1092 1849 est
1123 1781 1184 1871 [C.

121 1885 294 1975 Verres],
321 1888 423 1952 homo
446 1886 515 1949 vita
547 1898 649 1974 atque
673 1886 772 1952 factis
795 1886 948 1951 omnium
977 1884 1049 1973 jam
1077 1882 1186 1969 opini-

123 2010 187 2052 one
210 1989 414 2061 damnatus,
433 1986 600 2071 pecuniae
624 1986 861 2074 magnitudine
882 2006 945 2051 sua
962 2006 1023 2071 spe
1040 1996 1072 2049 et
1088 2004 1186 2070 prae-

125 2087 299 2152 dicatione
317 2087 505 2155 absolutus.

169 2187 268 2251 Huic
292 2207 360 2273 ego
383 2206 523 2260 causae,
538 2185 686 2273 judices,
705 2206 784 2251 cunr
806 2207 941 2252 summa
957 2186 1131 2251 voluntate
1153 2196 1186 2250 et

126 2287 385 2373 exspectatione
410 2287 527 2370 populi
552 2286 718 2363 Romani,
743 2298 837 2352 actor
872 2287 1016 2359 accessi,
1045 2308 1115 2351 non
1149 2298 1186 2349 ut

129 2409 295 2475 augerem
323 2386 487 2450 invidiam
512 2387 654 2462 ordinis,
681 2387 742 2452 sed
765 2398 803 2451 ut
825 2385 987 2451 infamiae
1011 2385 1185 2451 communi

130 2508 378 2553 succurrerem.
428 2484 570 2551 Adduxi
594 2487 687 2552 enirn
712 2487 900 2561 hominem,
919 2486 953 2550 in
977 2509 1051 2573 quo·
1067 2507 1185 2551 recon-

132 2590 245 2654 ciliare
270 2585 559 2652 existimationem
581 2586 789 2674 judiciorum
814 2587 991 2661 amissam,
1014 2587 1126 2651 redire
1149 2586 1185 2650 in

134 2690 275 2776 gratiam
309 2707 388 2750 cum
422 2687 549 2770 populo
581 2686 757 2762 Romano,
790 2686 871 2752 satis
907 2686 1021 2751 facere
1060 2686 1185 2751 exteris

138 2790 338 2862 nationibus,
358 2788 523 2872 possetis;
549 2787 824 2871 depeculatorem
846 2788 969 2862 aerari,
986 2800 1183 2852 vexatorem

138 2888 233 2975 Asiae
259 2899 363 2975 atque
386 2886 628 2973 Pamphyliae,
648 2889 857 2972 praedonem
876 2887 962 2975 juris
983 2888 1118 2961 urbani,
1136 2888 1185 2951 la-

136 2989 202 3055 bem
222 3002 327 3075 atque
344 2987 531 3073 perniciem
550 2987 747 3072 provinciae
760 2987 912 3053 Siciliae.
953 3001 981 3048 ³.
1005 2988 1059 3054 De
1072 3010 1139 3075 quo
1155 2986 1183 3053 si

133 3111 186 3157 vos
202 3112 286 3156 vere
304 3109 346 3152 ac
367 3087 526 3173 religiose
546 3087 793 3175 judicaveritis,
817 3088 999 3154 auctoritas
1022 3110 1077 3162 ea,
1095 3111 1184 3176 quae

132 3191 162 3256 in
178 3192 277 3257 vobis
294 3208 474 3254 remanere
494 3189 607 3262 debet,
627 3188 800 3263 haerebit3
830 3189 882 3252 sin
906 3188 1001 3253 istius
1026 3189 1183 3276 ingentes

131 3292 267 3356 divitiae
287 3288 495 3378 judiciorum
521 3288 724 3373 religionem
740 3289 985 3375 veritatemque
1010 3291 1184 3380 perfrege-

131 3393 205 3467 rint,
229 3412 299 3479 ego
324 3391 391 3454 hoc
413 3400 528 3479 tamen
553 3389 735 3475 adsequar,
760 3399 797 3453 ut
816 3389 982 3477 judicium
1006 3391 1118 3475 potius
1133 3397 1183 3458 rei
1224 3390 1227 3394 ’

131 3493 303 3578 publicae,
321 3510 425 3576 quam
442 3500 502 3554 aut
521 3511 600 3554 reus
620 3488 806 3578 judicibus,
826 3500 884 3555 aut
907 3505 1086 3558 accusator
1109 3514 1181 3570 reo,

133 3593 278 3657 defuisse
295 3590 463 3655 videatur.

172 3713 211 3756 11.
240 3691 424 3778 Equidem,
442 3700 480 3755 ut
500 3690 543 3755 de
566 3711 621 3755 me
644 3690 819 3768 confitear,
834 3690 981 3779 judices,
1000 3715 1078 3759 cunr
1096 3696 1182 3760 mul·

134 3804 182 3857 tae
200 3791 287 3855 mihi
304 3812 323 3855 a
340 3791 383 3856 C.
401 3791 511 3856 Verre
528 3791 672 3856 insidiae
689 3803 777 3856 terra
798 3793 951 3879 marique
969 3794 1079 3859 factae
1101 3795 1179 3870 sint,

135 3914 215 3979 quas
242 3892 363 3977 partim
388 3912 465 3957 mea
489 3890 667 3979 diligentia
691 3893 882 3968 devitarim‚
908 3896 1029 3978 partim
1055 3894 1182 3961 amico·

126 4012 207 4057 rum
239 3993 349 4057 studio
379 3992 560 4077 officioque
597 3992 802 4076 repulerim3
842 3995 1182 4078 numquamlttamen
