2760 4448
176 277 219 345 42
455 256 714 346 Irupeacbr'nent
736 260 785 346 eff
810 259 947 327 Verres.
1074 258 1186 328 [Vena.
1208 260 1233 315 1.

176 459 288 545 patiar
303 482 377 525 rem
392 461 428 524 in
444 459 479 525 id
494 471 630 546 tempus
654 460 794 536 adduci,
813 471 851 525 ut
877 460 1040 548 [Siculi],
1059 483 1146 548 quos
1170 463 1233 528 ad-

177 560 245 623 huc
261 561 350 625 servi
368 560 624 646 designatorum
643 561 822 624 consulum
845 581 913 624 non
939 575 1132 638 moverunt,
1151 585 1230 629 cum

177 679 235 723 eos
247 681 335 724 novo
346 661 504 744 exemplo
515 659 693 724 universos
705 671 930 734 arcesserent,
944 682 1002 725 eos
1013 674 1084 726 tum
1095 664 1231 729 lictores

177 759 356 823 consulum
373 769 496 823 vocent
506 781 515 833 ;
539 770 575 823 ut
591 758 747 823 homines
765 758 894 834 miseri,
911 773 1011 825 antea
1029 763 1112 828 socii
1129 775 1231 851 atque

177 857 278 921 amici
306 858 423 944 populi
452 858 617 934 Romani,
643 879 735 922 nunc
763 858 852 924 servi
882 882 924 925 ac
948 864 1134 948 supplices,
1161 887 1231 929 non

176 958 279 1022 modo
314 958 371 1046 jus
405 980 506 1023 suum
538 958 759 1044 fortunasque
791 961 904 1026 omnis
936 983 1054 1028 eorum
1085 965 1232 1051 imperio

177 1057 344 1134 amittant,
367 1080 487 1123 verum
512 1059 615 1123 etiam
639 1059 843 1144 deplorandi
857 1061 944 1152 juris
960 1063 1011 1128 sui
1029 1075 1231 1149 potestatem

176 1179 245 1223 non
262 1159 423 1224 habeant.
472 1175 518 1222 54.
542 1157 623 1223 Non
652 1160 763 1225 sinam
792 1163 956 1247 profecto,
986 1151 1097 1229 causa
1122 1186 1143 1229 a
1175 1187 1232 1229 me

177 1269 347 1342 perorata,
367 1257 617 1354 [quadraginta]
638 1260 758 1326 diebus
782 1263 1020 1350 interpositis]
1040 1275 1110 1328 tum
1131 1264 1232 1330 nobis

177 1358 325 1444 denique
338 1360 550 1444 responderi,
567 1380 646 1424 cum
660 1363 833 1427 accusatio
847 1374 962 1429 nostra
975 1363 1009 1427 in
1023 1364 1233 1431 oblivionem
1250 1379 1252 1382 ’

178 1459 396 1525 diuturnitate
413 1461 561 1526 adducta
578 1462 641 1526 sit:
666 1484 734 1527 non
751 1463 974 1537 committam,
992 1475 1029 1527 ut
1047 1474 1117 1527 tum
1143 1465 1233 1529 haec

178 1582 233 1625 res
245 1560 429 1647 judicetur,
450 1582 528 1626 cum
546 1563 634 1628 haec
650 1562 841 1650 frequentia
857 1563 958 1627 totius
976 1562 1094 1628 Italiae
1114 1564 1234 1630 Roma
1267 1636 1270 1639 ,

178 1661 393 1735 discesserit3
414 1684 503 1749 quae
520 1664 679 1728 convenit
694 1686 763 1728 uno
779 1675 931 1748 tempore
947 1663 1111 1750 undique,
1126 1666 1234 1731 comi-

177 1764 315 1837 tiorum,
348 1764 521 1838 ludorum,
552 1765 784 1850 censendique
817 1784 931 1828 causa.
982 1763 1095 1851 Hujus
1122 1766 1234 1854 judici

178 1877 211 1928 et
235 1864 348 1928 laudis
371 1864 532 1939 fructum,
554 1876 588 1929 et
611 1863 809 1933 offensionis
833 1864 1037 1948 periculum,
1058 1878 1232 1942 vestrum3

178 1964 331 2028 laborem
365 1957 711 2050 sollicitudinemque,
737 1974 910 2038 nostram3
943 1962 1120 2029 scientiam
1148 1968 1233 2052 quid

179 2074 315 2150 agatur,
349 2065 620 2150 memoriamque
669 2064 751 2150 quid
786 2085 808 2128 a
842 2084 977 2150 quoque
1012 2064 1141 2130 dictum
1178 2068 1233 2150 sit,

178 2164 332 2228 omniurn
358 2174 439 2249 puto
463 2185 539 2228 esse
562 2173 731 2249 oportere.

222 2281 267 2327 sa.
290 2264 434 2329 Faciam
467 2265 534 2328 hoc
561 2286 630 2328 non
657 2286 800 2340 novum,
826 2264 887 2330 sed
915 2264 959 2329 ab
983 2259 1116 2352 eisqui
1139 2285 1234 2330 nunc

179 2365 352 2450 principes
372 2376 509 2429 nostrae
530 2363 674 2428 civitatis
691 2375 770 2428 sunt
785 2375 864 2429 ante
880 2364 1023 2440 factum,
1040 2376 1077 2429 ut
1091 2366 1234 2431 testibus

179 2477 256 2529 utar
278 2465 414 2529 statim:
438 2465 525 2529 illud
549 2485 569 2528 a
594 2485 649 2528 me
673 2486 813 2541 novum,
832 2463 981 2551 judices,
1002 2466 1232 2551 cognoscetis,

179 2566 271 2651 quod
288 2565 334 2628 ita
350 2564 445 2629 testis
463 2563 680 2638 constituam,
698 2575 736 2628 ut
755 2563 884 2628 crimen
909 2574 1015 2628 totum
1039 2566 1233 2650 explicem3

180 2677 229 2740 ut,
242 2666 300 2730 ubi
314 2666 350 2730 id
367 2663 647 2752 [interrogando]
666 2664 877 2751 argumentis
891 2675 992 2750 atque
1009 2665 1160 2730 oratione
1177 2667 1235 2730 fir-

180 2788 333 2839 mavero,
352 2776 423 2831 tum
441 2765 534 2831 testis
552 2765 596 2829 ad
617 2764 747 2829 crimen
773 2765 1056 2828 adcommodem:
1088 2775 1125 2829 ut
1148 2766 1234 2831 nihil

179 2865 267 2931 inter
292 2866 386 2930 illam
410 2867 570 2931 usitatam
597 2864 851 2930 accusationem
876 2876 976 2949 atque
997 2865 1087 2928 hanc
1106 2886 1233 2930 novam

180 2967 323 3042 intersit,
342 2966 408 3031 nisi
424 2967 516 3052 quod
533 2966 569 3031 in
585 2965 645 3030 illa
666 2977 760 3040 tunc,
784 2985 862 3029 cum
886 2963 1002 3028 omnia
1026 2964 1116 3029 dicta
1139 2977 1231 3042 sunt,

179 3077 282 3132 testes
306 3068 450 3142 dantur3
484 3067 541 3131 hic
564 3067 600 3130 in
624 3065 781 3152 singulas
802 3084 858 3128 res
882 3063 1073 3140 dabuntur3
1105 3075 1142 3129 ut
1165 3065 1233 3131 illis

180 3188 316 3253 quoque
347 3168 470 3231 eadem
492 3165 740 3253 ‚interrogandi
776 3163 934 3239 facultas,
968 3166 1233 3251 argumentandi

181 3267 385 3352 dicendique
403 3267 456 3331 sit.
505 3264 544 3331 Si
561 3267 638 3351 quis
654 3265 728 3340 erit,
747 3264 806 3352 qui
823 3275 1024 3350 perpetuam
1044 3264 1233 3330 orationem

181 3367 502 3452 accusationemque
516 3365 697 3440 desideret,
711 3365 819 3429 altera
836 3364 969 3429 actione
983 3363 1118 3428 audiet:
1140 3385 1233 3430 nunc

180 3467 229 3541 id,
244 3466 336 3552 quod
353 3465 499 3530 facimus
510 3502 554 3517 -
565 3485 605 3529 ea
622 3465 753 3529 ratione
766 3464 925 3540 facimus,
940 3475 977 3528 ut
993 3464 1142 3529 malitiae
1158 3465 1232 3530 illo·

181 3589 256 3631 rum
270 3565 412 3631 consilio
426 3576 539 3630 nostro
552 3585 829 3629 occurramus-
839 3564 1033 3629 necessario
1047 3564 1119 3628 fieri
1136 3564 1233 3629 intel-

180 3667 286 3754 legat.
337 3664 437 3729 Haec
454 3664 584 3749 primae
602 3664 745 3728 actionis
762 3663 825 3728 erit
838 3664 1024 3729 accusatio.
1068 3681 1114 3728 ss.
1139 3663 1232 3729 Inci-

182 3790 257 3832 mus
281 3765 324 3831 C.
342 3764 501 3840 Verrem,
527 3785 604 3829 curn
629 3764 737 3827 multa
761 3764 955 3839 libidinose,
983 3765 1089 3830 multa
1113 3765 1234 3831 crude·

138 3896 143 3903 ’
181 3868 269 3941 liter,
287 3866 323 3930 in
339 3864 425 3930 civis
442 3865 621 3930 Romanos
639 3874 738 3949 atque
756 3864 791 3927 in
813 3862 937 3938 socios,
956 3865 1064 3930 multa
1089 3866 1125 3929 in
1149 3865 1232 3931 deos

181 3966 406 4053 hominesque
423 3963 552 4030 nefarie
568 3963 686 4029 fecerit
701 3974 773 4028 tum
797 3973 976 4049 praeterea
999 3964 1234 4052 quadringen-
