2722 4438
165 286 264 356 111.7.]
339 302 345 311 ·
405 331 413 349 .
446 287 517 354 Tae
546 289 725 378 Clemcncy
748 292 796 377 (ff
815 289 942 358 Coesar.
1152 306 1216 373 223

165 498 313 555 nestam.
374 487 470 576 Ergo
502 489 590 555 haec
621 490 689 576 duo
720 501 875 578 tempora
907 501 1023 557 carent
1054 489 1217 577 crimine:

164 611 271 673 urfflm
289 609 369 654 cum
386 599 437 654 est
453 589 589 677 legatus
605 591 791 676 profectus,
810 588 967 667 alterum,
983 612 1061 656 cum
1078 589 1218 677 ecflagi-

163 700 253 754 tatus
270 710 290 753 a
307 687 484 774 provincia
507 689 722 774 praepositus
738 688 879 755 Africae
903 700 965 756 est.
1014 708 1041 755 a.
1061 688 1217 753 Tertium

164 800 300 876 tempus
317 800 368 854 est
383 788 476 875 quod
493 798 569 873 post
585 789 770 853 adventum
786 788 871 853 Vari
887 789 922 853 in
942 787 1062 855 Africa
1085 780 1218 864 restitit,

164 889 258 975 quod
284 888 312 953 si
341 900 392 954 est
419 887 654 977 criminosum,
673 887 884 953 necessitatis
912 888 1042 954 crimen
1067 898 1130 963 est,
1149 910 1218 953 non

164 989 361 1054 voluntatis.
408 977 566 1063 An'ilfe,
593 987 622 1053 si
649 987 814 1079 potr-risset
835 988 907 1053 ullo
930 987 1032 1054 modo
1056 989 1216 1064 evadere,

165 1087 289 1252 [Qec
316 1109 420 1175 quam
446 1089 595 1164 Romae,
614 1108 692 1153 cum
721 1087 762 1152 P.
786 1085 880 1152 Attio
905 1109 1008 1175 quarn
1034 1109 1112 1153 cum
1137 1108 1219 1153 con·

165 1208 225 1252 cor
250 1187 374 1253 issimis
390 1188 563 1265 fratribus,
581 1208 661 1253 cum
679 1186 800 1253 alienis
822 1208 1023 1274 essequam
1047 1209 1125 1253 cum
1148 1187 1219 1252 suis

165 1286 363 1366 maluisset?
409 1288 498 1354 Cum
525 1288 600 1374 ipsa
629 1287 757 1376 legatio
785 1288 888 1374 plena
917 1287 1063 1354 desideri
1089 1308 1130 1354 ac
1152 1288 1218 1353 sol-

164 1354 350 1453 licflifdinis
381 1389 499 1477 fuisset
530 1399 668 1475 propter
692 1387 927 1454 incredibilem
952 1362 1123 1476 quendam
1151 1388 1220 1453 fra·

138 1498 255 1558 ,trum
294 1475 476 1564 amore‘ns
493 1489 549 1553 hic
586 1509 697 1576 aequo
734 1489 849 1576 animo
881 1510 963 1555 esse
987 1490 1108 1576 potuit,
1136 1489 1217 1555 belli

191 1586 310 1679 iscidio
341 1587 520 1653 distractus
545 1608 565 1652 a
589 1588 772 1654 fratribus?

27 1640 119 1761 pist(
209 1704 238 1752 o.
261 1684 405 1751 Nullum
429 1687 534 1775 igitur
551 1688 671 1772 habeS,
691 1688 805 1755 Caesa
827 1736 836 1766 ,
855 1690 969 1755 adhuc
984 1689 1019 1755 in
1045 1687 1219 1778 QLiga-

163 1788 215 1855 rio
232 1788 370 1875 signum
388 1787 521 1852 alienae
538 1809 558 1852 a
575 1798 607 1853 te
624 1789 821 1855 voluntatis.
871 1789 980 1878 Cujus
997 1811 1063 1877 ego
1076 1811 1217 1856 causam

163 1887 412 1962 animadverte,
423 1907 565 1975 quO’
578 1908 646 1973 qua
659 1888 727 1974 fide
740 1888 924 1979 deQdam
939 1910 946 1951 ε
967 1890 1076 1975 prodo
1089 1911 1215 1954 meam.

163 1988 197 2054 Ο
210 1986 426 2092 clthiam
445 1977 684 2052 a'din'irabilem
702 1999 804 2074 atque
821 1989 975 2054 omnium
991 1990 1106 2065 laude,
1119 2011 1218 2075 prae·

163 2088 347 2163 dicatione,
373 2086 505 2161 litteris,
531 2087 829 2175 monumentisque
853 2086 1106 2156 decorandam!
1138 2109 1217 2154 curn

162 2186 217 2252 Μ.
251 2186 375 2253 Cicero
407 2185 500 2271 apud
527 2195 560 2250 te
588 2186 741 2252 defendit
772 2188 877 2253 alium
905 2188 941 2254 in
973 2211 1014 2254 ea
1044 2190 1218 2255 voluntate

162 2310 234 2353 non
250 2287 367 2362 fuisse,
386 2285 422 2350 in
439 2306 507 2372 qua
525 2307 562 2351 se
579 2286 693 2372 ipsum
709 2276 888 2447 conpletur
904 2289 1029 2363 fuisse;
1054 2310 1120 2354 nec
1142 2300 1218 2353 tuas

160 2387 284 2453 tacitas
311 2384 535 2474 cogitationes
562 2387 765 2464 extimescit,
789 2410 855 2454 nec
882 2389 965 2475 quid
991 2386 1050 2453 tibi
1078 2388 1122 2454 de
1150 2388 1218 2452 alio

162 2486 315 2553 audienti
346 2487 390 2551 de
421 2505 459 2550 se
488 2484 562 2572 ipso
590 2493 748 2583 occurrat
779 2489 989 2553 reformidat.
1039 2507 1091 2551 111.
1125 2486 1217 2552 Vide

162 2607 267 2674 quarn
284 2606 353 2652 non
369 2584 610 2674 reformidem:
639 2586 718 2651 vide
735 2560 939 2679 quanffi’mr
952 2494 1169 2682 steralitatis
1186 2597 1218 2651 et

163 2686 351 2773 sapientiae
368 2696 446 2750 tuae
464 2685 548 2750 mihi
566 2686 658 2771 apud
674 2698 707 2750 te
724 2686 848 2751 dicenti
862 2686 1046 2776 Obfflms·
1096 2684 1218 2769 Qan-

162 2797 235 2851 tum
259 2796 389 2872 potero,
408 2807 493 2850 voce
514 2786 721 2850 contendam
737 2796 773 2850 ut
793 2782 1062 2874 [hocspopulus
1086 2786 1217 2851 Roma-

162 2907 228 2951 nus
248 2886 423 2968 exffldiat.
471 2903 499 2951 r.
523 2855 692 2971 Suffpto
716 2886 807 2952 bello
831 2885 973 2962 Caesar,
992 2897 1089 2973 gesto
1113 2886 1216 2949 etiam

162 3007 207 3052 ex
223 2964 478 3072 parie'n‘ragna,
497 2986 592 3051 nulla
608 2986 642 3050 vi
659 2998 810 3063 coactus,
825 2985 954 3075 judicio
972 3007 1013 3050 ac
1028 2986 1215 3062 voluntate,

163 3086 208 3151 ad
225 3106 267 3150 ea
288 3106 384 3149 arma
408 3086 581 3178 profectus
605 3108 682 3151 sum
706 3107 795 3173 quae
820 3098 917 3151 erant
940 3098 1075 3171 sumpta
1099 3096 1217 3150 contra

161 3197 207 3251 te.
258 3183 364 3273 Apud
380 3175 483 3273 quern
501 3185 606 3274 igitur
621 3187 688 3251 hoc
704 3185 804 3252 dico?
849 3186 986 3273 Nempe
1006 3186 1098 3271 apud
1122 3207 1214 3260 eum,

162 3286 333 3373 qui,'cum
360 3287 427 3352 hoc
452 3286 566 3376 sciret,
590 3297 706 3352 tamen
735 3308 803 3361 me,
825 3298 903 3352 ante
926 3308 1028 3374 quam
1053 3285 1148 3360 vidit,
1167 3285 1215 3350 rei

162 3385 323 3471 publicae
339 3376 590 3473 reddidit'f'qui
608 3387 652 3451 ad
670 3407 724 3451 me
738 3407 781 3452 ex
793 3385 957 3551 Afflto
970 3385 1097 3451 litteras
1111 3386 1214 3462 misit,

161 3496 199 3550 ut
224 3506 336 3595 egse=m
362 3485 453 3550 idem
473 3485 532 3572 qui
558 3485 720 3561 fuissem3
745 3486 802 3573 qui
873 3508 907 3550 m
932 3486 1006 3571 ipse
1031 3485 1216 3572 imperator

162 3584 197 3648 in
219 3594 289 3649 toto
316 3583 461 3669 imperio
488 3554 786 3671 popuffiiomani
810 3609 899 3652 unus
930 3595 1032 3662 esset,
1060 3607 1136 3652 esse
1160 3608 1215 3650 me

163 3685 307 3748 alterurn
332 3704 455 3769 passus
480 3696 530 3750 est
541 3709 556 3761 ;,
584 3706 604 3750 a
628 3708 710 3774 quo,
736 3688 803 3752 hoc
826 3687 901 3772 ipso
923 3686 966 3753 C.
988 3685 1117 3753 Pansa·
1131 3686 1215 3750 mihi

116 3792 118 3799 ’
163 3784 256 3848 hunc
287 3782 444 3848 nuntium
476 3786 681 3869 perferente,
709 3807 891 3852 concessos
917 3786 1020 3873 fas-cis
1044 3788 1215 3851 laureatos

164 3883 269 3959 tenui,
283 3885 398 3971 quoad
411 3886 576 3973 tenendos
593 3885 730 3971 putavi;
754 3886 811 3972 qui
830 3885 913 3949 mihi
929 3896 999 3950 tum
1017 3884 1164 3971 denique
1177 3906 1215 3949 se

163 3984 307 4049 salutem
328 3983 461 4069 putavit
475 3985 633 4060 reddere,
652 3983 680 4048 si
698 4005 774 4048 earn
791 3984 894 4050 nullis
911 3984 1090 4071 spoliatam
1114 4004 1217 4048 orna-
