2722 4438
199 267 264 333 206
549 261 707 350 Defeme
730 262 778 347 os
790 260 891 327 llffz'lo.
1057 301 1060 305 ·
1142 258 1256 329 [Mmu
1302 299 1330 342 ,g

242 485 358 531 xxxv.
383 482 429 529 so.
452 463 531 529 Nec
560 484 642 529 vero
673 463 774 539 haec,
802 461 949 551 judiceS,
976 471 1014 528 ut
1043 483 1110 550 ego
1142 482 1257 537 nunc,
1306 514 1330 557 οἷ

197 566 297 639 fiens,
315 566 377 631 sed
401 569 467 630 hoc
491 563 612 629 eodem
637 563 785 648 loquitur
800 563 893 627 voltu
909 584 977 649 quo
993 563 1128 636 videtis.
1183 561 1260 626 Ne·
1327 593 1330 603 ·

198 678 258 752 gat
296 665 401 741 enim,
442 674 547 750 negat
584 661 727 748 ingratis
766 661 896 726 civibus
935 661 1058 727 fecisse
1091 684 1127 726 se
1162 682 1259 749 quae

198 765 335 839 fecerit3
364 764 490 829 timidis
517 774 557 841 et„
576 762 691 827 omnia
717 761 1069 847 circumspicientibus
1096 763 1260 847 pericula

198 887 267 930 non
293 875 410 957 negat.
459 863 600 928 Plebem
628 873 662 926 et
688 861 841 925 infimam
869 861 1134 939 multitudinem,
1161 882 1259 949 quae

199 965 238 1029 Ρ.
264 964 387 1030 Clodio
415 965 502 1029 duce
528 961 671 1027 fortunis
696 960 816 1025 vestris
842 959 1055 1036 imminebat,
1073 983 1165 1034 eam,
1187 983 1260 1048 quo

198 1066 299 1129 tutior
314 1076 403 1129 esset
419 1074 531 1129 vestra
547 1062 630 1135 vita,
648 1081 685 1125 se
707 1059 828 1125 fecisse
853 1072 1098 1125 commemorat
1121 1072 1157 1125 ut
1183 1082 1260 1125 non

200 1165 301 1229 modo
317 1163 438 1228 virtute
455 1162 618 1235 flecteret,
632 1160 693 1225 sed
709 1159 811 1224 etiam
828 1159 935 1224 tribus
952 1159 1021 1225 suis
1037 1160 1259 1246 patrimoniis

199 1264 385 1339 deleniret3
409 1283 474 1328 nec
495 1262 589 1327 timet
609 1282 665 1335 ne,
684 1281 763 1325 cum
791 1259 928 1345 plebem
954 1259 1151 1325 muneribus
1178 1261 1259 1346 pla-

200 1364 296 1439 carit,
329 1386 390 1429 vos
421 1386 490 1429 non
522 1360 712 1427 conciliarit
743 1359 871 1424 meritis
905 1359 940 1424 in
971 1381 1044 1424 rem
1075 1360 1256 1445 publicam

200 1464 444 1552 singularibus.
493 1461 641 1528 Senatus
658 1482 743 1548 erga
763 1481 799 1525 se
823 1459 1096 1525 benevolentiam
1121 1471 1256 1546 tempo·

1311 616 1330 657 lll

1313 692 1331 758 E

1316 796 1331 857 lt

1319 892 1331 957 ί

1320 994 1331 1057 li

1322 1117 1332 1157 9

1324 1217 1332 1257 l

1325 1297 1332 1356 l

1328 1517 1333 1558 l

200 1565 293 1630 ribus
318 1565 371 1630 his
396 1563 478 1650 ipsis
502 1582 607 1646 saepe
628 1581 703 1625 esse
719 1573 948 1645 perspectam,
966 1571 1096 1625 vestras
1113 1581 1195 1625 vero
1221 1570 1255 1624 et
1329 1618 1333 1657 ζ

200 1679 389 1732 vestrorum
424 1664 581 1730 ordinum
617 1661 884 1735 occursationes,
910 1660 1034 1736 studia,
1060 1681 1251 1735 sermones,
1332 1726 1333 1733 ,

201 1787 452 1854 quemcumque
477 1784 615 1830 cursum
634 1760 769 1826 fortuna
793 1760 934 1838 dederit,
953 1782 990 1826 se
1014 1782 1133 1826 secum
1158 1762 1253 1826 abla-
1332 1752 1333 1755 '

201 1878 314 1931 turum
330 1887 406 1931 esse
422 1865 514 1931 dicit.
563 1880 610 1928 99.
633 1861 793 1926 Meminit
812 1862 913 1926 etiam
936 1861 999 1927 sibi
1016 1883 1137 1927 vocem
1153 1883 1252 1947 prae-

203 1967 298 2031 conis
314 1967 416 2030 modo
433 1965 594 2039 defuisse,
612 1984 716 2050 quarn
734 1962 872 2026 minime
888 1961 1089 2027 desiderarit
1099 1985 1108 2036 3
1134 1960 1251 2047 populi

202 2087 283 2130 vero
303 2066 434 2130 cunctis
453 2064 639 2151 suffragiis,
654 2063 745 2150 quod
767 2084 874 2127 unum
896 2063 1051 2148 cupierit,
1068 2084 1107 2128 se
1129 2084 1250 2129 consu-

202 2166 271 2229 lem
291 2165 523 2229 declaratum:
563 2185 655 2229 nunc
671 2164 831 2250 denique,
850 2163 878 2229 si
896 2164 983 2229 haec
999 2176 1115 2230 contra
1132 2186 1169 2230 se
1186 2165 1251 2230 sint

202 2264 328 2340 sutura,
358 2265 420 2330 sibi
449 2264 609 2329 facinoris
641 2265 876 2349 suspitionem,
909 2287 978 2331 non
1010 2266 1090 2331 facti
1122 2267 1250 2332 crimen

202 2365 346 2429 obstare.
387 2363 495 2429 Addit
514 2365 613 2440 haec,
634 2385 723 2451 quae
747 2377 838 2430 certe
861 2385 944 2430 vera
968 2378 1066 2431 sunt:
1102 2366 1196 2432 sortis
1217 2378 1250 2430 et

202 2464 364 2549 sapientis
391 2464 481 2530 viros
514 2488 581 2531 non
609 2477 679 2530 tarn
707 2465 860 2550 praemia
891 2466 988 2553 sequi
1019 2468 1129 2533 solere
1161 2480 1249 2533 recte

201 2564 382 2640 sactorum,
400 2586 503 2652 quam
527 2566 602 2651 ipsa
619 2577 709 2631 recte
734 2565 846 2642 sacta3
871 2588 908 2631 se
925 2567 1009 2633 nibil
1034 2569 1069 2632 in
1095 2571 1164 2634 vita
1185 2568 1248 2633 nisi

201 2666 473 2750 praeclarissime
490 2666 624 2741 secisse,
643 2666 671 2731 si
695 2666 834 2752 quidem
851 2667 935 2732 nihil
952 2668 995 2733 sit
1012 2670 1247 2754 praestabilius

200 2766 273 2830 viro
286 2788 389 2853 quam
401 2767 560 2852 periculis
572 2765 716 2851 patriam
729 2767 874 2832 liberare
885 2789 894 2842 3
911 2769 1029 2834 beatos
1040 2791 1114 2835 esse
1127 2771 1246 2858 quibus

201 2888 243 2932 ea
266 2890 320 2933 res
344 2867 465 2933 honori
484 2866 619 2932 fuerita
639 2867 709 2931 suis
727 2866 870 2942 civibuS,
894 2885 940 2933 97.
964 2889 1029 2935 nec
1052 2881 1168 2935 tamen
1192 2891 1247 2935 eos

201 2969 343 3034 miseros
355 2969 413 3055 qui
425 2967 592 3032 beneficio
609 2967 693 3032 civis
709 2989 788 3032 suos
804 2968 967 3044 vicerint3
996 2971 1056 3036 sed
1073 2981 1188 3036 tamen
1205 2990 1247 3035 ex

201 3070 359 3134 omnibus
372 3068 534 3155 praemiis
549 3067 693 3142 virtutiS,
713 3067 741 3132 si
758 3080 847 3133 esset
863 3070 1023 3136 habenda
1046 3071 1132 3136 ratio
1152 3093 1247 3157 prae·

201 3171 360 3247 mimum,
380 3167 629 3254 amplissimum
654 3188 730 3232 esse
755 3169 946 3252 praemium
974 3171 1141 3257 gloriam:
1175 3191 1246 3237 esse

202 3271 293 3333 hanc
309 3292 413 3334 unam
429 3289 518 3356 quae
534 3267 733 3332 brevitatem
750 3269 839 3333 vitae
856 3271 1059 3355 posteritatis
1084 3272 1246 3337 memoria

202 3372 455 3455 consclaretur3
479 3388 568 3456 quae
600 3367 749 3432 efficeret
778 3380 815 3432 ut
846 3372 1004 3436 absentes
1036 3372 1244 3443 adessemus,
1334 3382 1335 3385 ’

202 3470 324 3532 mortui
348 3469 560 3542 viveremus,
600 3468 691 3531 hanc
724 3467 871 3554 denique
899 3491 988 3545 esse,
1014 3471 1110 3558 cujus
1135 3471 1246 3557 gradi·
1333 3532 1335 3535 ,

201 3567 266 3630 bus
291 3567 392 3631 etiam
417 3568 452 3631 in
476 3567 610 3631 caelum
634 3565 791 3631 homines
823 3567 1017 3634 viderentur
1048 3572 1243 3636 ascendere.

201 3684 247 3731 99.
273 3667 350 3730 ‘De
368 3666 446 3741 me,’
470 3665 589 3751 inquit,
609 3676 768 3750 ‘semper
783 3668 929 3752 populus
947 3668 1140 3745 Romanus,
1163 3692 1245 3736 sem·

203 3790 264 3854 per
284 3787 404 3832 omnes
430 3777 549 3851 gentes
577 3765 769 3850 loquentur,
789 3767 883 3829 nulla
908 3788 1070 3853 umquam
1098 3770 1245 3834 obmute-

131 3866 135 3877 “
203 3879 275 3933 scet
292 3877 451 3932 vetustas.
499 3862 595 3946 Quin
612 3867 677 3929 hoc
696 3875 849 3950 tempore
874 3865 962 3951 ipso,
981 3887 1059 3931 cum
1085 3887 1244 3934 omnesa

204 3965 289 4030 meis
317 3963 462 4029 inimicis
479 3961 572 4027 faces
593 3962 743 4029 invidiae
769 3985 868 4031 meae
893 3966 1115 4045 subiciantur,
1134 3980 1244 4034 tamen
