2760 4448
225 221 269 308 48
525 219 784 308 Impeachment
806 226 854 308 of
880 222 1015 289 Verres·
1110 222 1219 293 [Vm.
1237 223 1269 277 V·

225 431 278 487 tus
296 433 357 498 est,
376 422 422 487 ita
438 422 548 489 factus
566 433 599 489 et
615 424 728 490 animo
745 435 777 489 et
794 446 948 510 corpore,
964 434 1003 490 ut
1019 425 1125 489 multo
1142 425 1271 509 apposi-

225 521 288 586 tior
305 524 348 586 ad
366 523 506 589 ferenda
524 546 627 612 quarn
641 526 685 588 ad
697 516 888 590 auferenda
903 525 1004 611 signa
1019 545 1095 589 esse
1110 524 1269 588 videatur.

224 637 266 684 13.
288 623 403 708 Atque
432 624 519 689 haec
547 623 691 708 Sappho
720 625 853 688 sublata
878 636 1046 710 quantum
1070 623 1272 688 desiderium

225 722 277 786 sui
295 723 466 809 reliquerit
482 723 548 788 dici
562 725 620 787 vix
638 735 758 809 potest.
802 723 895 788 Nam
913 745 993 788 cum
1011 724 1087 809 ipsa
1104 722 1165 787 suit
1181 744 1274 810 egre-

225 823 282 909 gie
299 821 401 897 facta,
421 835 492 886 tum
509 823 724 911 epigramma
741 822 915 888 Graecum
933 824 1113 908 pernobile
1133 822 1273 886 incisum

182 956 187 969 ι
225 934 275 987 est
305 922 339 986 in
369 923 463 987 basi:
496 924 587 1009 quod
616 923 678 987 iste
707 923 859 988 eruditus
884 924 987 988 homo
1013 935 1047 988 et
1073 922 1271 996 Graeculus,

225 1022 282 1108 qui
301 1023 388 1086 haec
404 1023 569 1087 subtiliter
581 1024 724 1110 judicat,
744 1023 801 1109 qui
819 1026 911 1088 solus
928 1023 1112 1111 intellegit,
1131 1022 1273 1086 sinnam

225 1123 371 1186 litteram
400 1122 571 1187 Graecam
601 1124 731 1198 scisset,
754 1134 845 1193 certe
874 1145 943 1188 non
970 1123 1118 1187 tulisset.
1176 1120 1275 1184 Nunc

226 1222 331 1297 enirn,
353 1223 444 1308 quod
469 1223 630 1308 scriptum
656 1235 706 1288 est
729 1223 823 1288 inani
847 1223 883 1288 in
905 1223 995 1299 basi,
1018 1222 1172 1288 declarat
1199 1219 1275 1306 quid

226 1322 338 1397 suerit,
357 1333 389 1386 et
404 1322 439 1387 id
456 1324 606 1387 ablatum
622 1324 761 1389 indicat.

270 1438 312 1485 14.
337 1421 454 1505 Quid?
480 1423 616 1510 signum
634 1423 782 1489 Paeanis
798 1444 843 1488 ex
860 1423 946 1488 aede
962 1420 1168 1507 Aesculapii
1185 1440 1278 1505 prae·

226 1523 318 1587 clare
348 1523 488 1598 sactum,
518 1544 653 1588 sacrum
682 1545 724 1588 ac
751 1523 964 1609 religiosum,
995 1545 1068 1587 non
1097 1517 1277 1587 sustulisti?

227 1623 319 1708 quod
331 1644 451 1687 omnes
465 1635 602 1708 propter
614 1624 902 1709 pulchritudinem
915 1623 1041 1698 visere,
1056 1632 1194 1708 propter
1206 1618 1278 1683 reli·

215 1723 366 1809 gionem
384 1722 496 1787 colere
514 1724 680 1789 solebant.
731 1721 847 1806 Quid?
879 1745 923 1787 ex
946 1722 1034 1787 aede
1059 1720 1179 1786 Liberi
1203 1720 1278 1784 sirn-

227 1824 383 1887 ulacrum
407 1822 556 1887 Aristaei
581 1845 649 1888 non
671 1835 729 1887 tuo
745 1822 888 1908 imperio
905 1823 1023 1908 palam
1041 1823 1195 1886 ablatum
1211 1815 1278 1883 est?

229 1921 346 2004 Qid?
378 1944 421 1986 ex
445 1924 531 1987 aede
551 1922 646 2008 Jovis
670 1923 967 2010 religiosissimum
985 1921 1211 1986 simulacrum
1222 1917 1278 2003 Jo-

227 2021 279 2085 vis
297 2022 528 2107 Imperatoris,
547 2022 778 2108 pulcherrime
795 2022 935 2096 factum,
955 2043 1073 2086 nonne
1095 2015 1279 2084 abstulisti?

215 2121 347 2205 ¹Quid?
370 2144 414 2186 ex
428 2124 513 2187 aede
527 2122 687 2197 Liberae,
703 2127 719 2204 †
735 2122 893 2208 parinum
907 2132 1012 2206 caput
1024 2121 1113 2185 illud
1127 2119 1280 2204 pulcher·
1312 2122 1315 2130 “
1342 2118 1343 2121 ’

228 2222 365 2297 rimum,
384 2221 476 2307 quod
492 2222 603 2286 visere
624 2221 833 2296 solebamus,
850 2243 934 2285 num
956 2219 1120 2285 dubitasti
1145 2213 1279 2283 tollere?

228 2322 342 2407 Atque
368 2321 425 2386 ille
453 2321 571 2385 Paean
599 2321 777 2386 sacrificiis
807 2319 1047 2384 anniversariis
1079 2318 1180 2385 simul
1205 2335 1278 2381 cum

228 2421 438 2505 Aesculapio
463 2421 555 2506 apud
583 2420 660 2485 illos
689 2421 885 2485 colebatur:
917 2417 1113 2495 Aristaeus,
1140 2416 1198 2504 qui
1230 2414 1280 2501 [ut

230 2521 355 2587 Graeci
376 2521 498 2594 lerunt,
523 2519 642 2584 Liberi
663 2519 770 2606 filius]
790 2519 948 2583 inventor
967 2519 1033 2584 olei
1051 2540 1129 2584 esse
1147 2515 1276 2587 dicitur,

228 2642 297 2686 una
320 2641 398 2685 cum
415 2619 543 2684 Libero
559 2631 654 2704 patre
672 2619 764 2704 apud
781 2618 857 2683 illos
874 2618 995 2682 eodem
1014 2630 1089 2682 erat
1105 2619 1141 2681 in
1157 2614 1279 2698 templo

229 2731 459 2785 consecratus.
1249 2778 1253 2782 ,

273 2841 375 2885 Lvrn.
401 2837 441 2883 15.
460 2806 714 2906 Jovem'autem
732 2819 978 2904 Imperatorem
998 2829 1128 2903 quanto
1154 2818 1277 2882 honore

228 2922 263 2987 in
285 2943 347 2986 suo
371 2922 498 3005 templo
522 2921 627 2984 {uisse
652 2917 884 2985 arbitramini?
931 2918 1101 2984 Conicere
1126 2914 1274 3004 potestis,

228 3023 256 3087 si
280 3021 451 3086 recordari
479 3020 652 3084 volueritis
680 3030 807 3105 quanta
835 3017 1003 3104 religione
1031 3017 1133 3082 suerit
1159 3016 1275 3080 eadem

228 3121 342 3207 specie
360 3142 400 3185 ac
412 3119 521 3184 forma
538 3119 676 3207 signum
693 3118 790 3191 illud,
805 3119 898 3204 quod
914 3139 957 3181 ex
971 3116 1183 3182 Macedonia
1200 3134 1276 3196 cap·

227 3233 297 3285 tum
329 3220 364 3284 in
397 3219 567 3305 Capitolio
592 3227 752 3305 posuerat
775 3217 1004 3282 Flamininus.
1054 3217 1192 3281 Etenim
1215 3212 1276 3276 tria

228 3321 422 3385 serebantur
445 3320 480 3383 in
504 3321 585 3385 orbe
610 3329 777 3383 terrarum
805 3316 906 3405 signa
933 3316 1029 3402 Jovis
1059 3310 1275 3402 Imperatoris

227 3442 296 3484 uno
312 3419 347 3483 in
364 3441 492 3506 genere
508 3419 738 3505 pulcherrime
756 3417 867 3481 facta:
892 3439 997 3480 unum
1016 3416 1100 3481 illud
1113 3410 1275 3479 Macedo-

118 3575 122 3582 .
228 3520 356 3594 hicum,
379 3520 469 3604 quod
492 3519 527 3583 in
552 3517 722 3604 Capitolio
744 3517 916 3591 vidimus;
950 3518 1093 3580 alterum
1117 3515 1152 3578 in
1177 3506 1274 3577 Ponti
1316 3556 1317 3560 ,

228 3641 287 3685 ore
304 3630 336 3683 et
352 3619 538 3706 angustiis3
563 3619 711 3693 tertium,
730 3617 820 3704 quod
838 3616 1022 3702 Syracusis
1040 3627 1118 3680 ante
1130 3613 1274 3679 Verrem

230 3731 418 3806 praetorem
436 3718 508 3783 fuit.
558 3717 648 3782 Illud
663 3716 879 3781 Flamininus
895 3716 940 3779 ita
958 3737 1002 3779 ex
1020 3717 1104 3780 aede
1122 3733 1184 3779 sua
1204 3728 1275 3774 sus·

228 3820 314 3895 tulit,
341 3830 378 3883 ut
405 3819 439 3882 in
467 3806 650 3903 Capitolio,
679 3819 745 3882 hoc
772 3828 835 3891 est,
865 3816 900 3879 in
928 3814 1076 3879 terrestri
1104 3806 1274 3880 domicilio

218 3919 320 4008 ‘jovis
344 3929 495 4005 poneret.
557 3915 661 4001 Qud
686 3928 799 3984 autern
825 3927 875 3980 est
898 3915 942 3982 ad
965 3914 1138 3981 introitum
1162 3904 1270 3979 Ponti,
