2722 4438
210 275 275 363 184
560 275 718 362 Defence
741 277 790 364 of
802 275 905 342 Milm
1156 273 1259 343 [Mna
1343 330 1344 335 η

208 478 268 544 sed
285 476 320 541 in
338 475 396 540 illo
415 474 580 550 maxima,
600 476 694 539 nulla
711 476 746 540 in
765 475 852 542 hoc?
875 476 958 563 quid
970 476 1070 542 voltis
1094 475 1261 562 amplius?

209 576 303 663 Quid
333 575 424 641 enim
454 575 581 640 odisset
607 574 767 640 Clodium
795 575 894 651 Milo,
914 587 1068 663 segetem
1093 596 1135 641 ac
1160 588 1261 641 mate·
1343 638 1344 655 ,

207 678 292 743 riem
309 697 392 743 suae
410 674 555 764 gloriae,
572 686 707 759 praeter
723 676 789 741 hoc
805 676 904 741 civile
921 676 1051 751 odium,
1066 698 1133 762 quo
1154 677 1260 742 omnis

207 778 380 863 improbos
396 771 555 842 odimus?
602 773 665 839 Ille
682 787 755 838 erat
770 786 806 839 ut
821 776 960 851 odisset,
980 775 1128 860 primum
1147 775 1261 839 desen·

208 898 318 942 sorem
336 877 454 941 salutis
473 895 583 950 meae,
604 874 728 939 deinde
744 885 943 940 vexatorem
967 874 1102 950 suroris,
1121 875 1261 940 domito-

208 998 280 1041 rem
309 997 481 1041 armorum
510 997 665 1048 suorum,
692 985 863 1059 postremo
894 975 997 1041 etiam
1029 984 1260 1039 accusatorem

208 1098 329 1141 suum:
369 1097 446 1141 reus
475 1076 567 1141 enim
598 1073 740 1139 Milonis
770 1074 848 1160 lege
876 1073 987 1139 Plotia
1012 1073 1074 1138 fuit
1100 1072 1258 1149 Clodius,

208 1176 321 1262 quoad
336 1175 431 1240 vixit.
483 1175 566 1261 Quo
579 1176 718 1241 tandem
735 1173 851 1238 animo
868 1173 934 1238 hoc
957 1184 1142 1260 tyrannum
1167 1172 1260 1237 illum

207 1276 324 1340 tulisse
356 1275 514 1341 creditis?
547 1288 713 1363 quantum
729 1274 846 1340 odium
872 1273 977 1349 illius,
1005 1285 1038 1338 et
1063 1272 1099 1338 in
1124 1272 1260 1338 homine

208 1375 332 1464 injusto
348 1396 452 1460 quarn
469 1376 571 1440 etiam
592 1377 720 1465 justum
739 1372 867 1440 fuisse?

253 1495 330 1539 xrv.
355 1492 403 1539 ao.
427 1476 612 1561 Reliquum
645 1488 696 1541 est
727 1486 764 1540 ut
791 1475 864 1564 jam
889 1473 986 1539 illum
1010 1484 1131 1538 natura
1157 1472 1260 1558 ipsius

209 1577 487 1662 consuetudoque
521 1576 694 1652 defendat,
728 1577 820 1641 hunc
860 1585 974 1638 autem
1014 1574 1100 1638 haec
1140 1574 1260 1639 eadem

209 1687 386 1763 coarguat.
436 1675 532 1739 Nihil
551 1676 695 1761 pervim
714 1695 876 1762 umquam
895 1673 1051 1749 Clodius,
1069 1673 1188 1739 omnia
1204 1696 1261 1758 per

208 1775 277 1839 vim
290 1775 387 1840 Milo.
431 1773 549 1860 Quid?
578 1796 656 1862 ego,
668 1775 814 1863 judicem
831 1796 909 1840 curn
922 1774 1154 1839 maerentibus
1167 1774 1260 1840 vobis

208 1876 292 1939 urbe
316 1875 417 1949 cessi,
433 1874 644 1961 judiciumne
669 1874 787 1940 timui?
811 1897 880 1940 non
904 1896 1034 1949 servm,
1054 1895 1123 1939 non
1153 1893 1258 1949 arma,

209 1996 277 2038 non
301 1973 393 2038 vim?
427 1973 529 2057 Quae
553 1974 671 2040 fuisset
693 1975 796 2062 igitur
817 1975 909 2064 justa
934 1997 1039 2042 causa
1063 1975 1261 2041 restituendi

209 2074 289 2149 mei,
309 2073 372 2138 nisi
390 2072 508 2138 fuisset
535 2073 659 2160 injusta
685 2074 852 2141 eiciendi?
899 2075 1003 2141 Diem
1028 2076 1125 2151 mihi,
1146 2078 1259 2152 cred0‚

209 2174 355 2250 dixerat,
377 2174 518 2237 multam
541 2173 728 2261 inrogaret,
748 2175 917 2240 actionem
942 2177 1190 2262 perduellionis
1214 2178 1262 2241 in·

208 2275 383 2338 tenderat:
408 2272 539 2338 etmihi
556 2274 715 2339 videlicet
730 2275 765 2339 in
782 2297 888 2341 causa
905 2289 963 2341 aut
980 2279 1071 2342 mala
1096 2282 1155 2342 aut
1171 2298 1259 2352 mea,

208 2395 278 2438 non
289 2384 321 2437 et
337 2373 610 2458 praeclarissima
623 2385 656 2439 et
665 2386 791 2450 vestra,
803 2375 972 2464 judicium
984 2378 1174 2443 timendum
1188 2378 1258 2442 suit.

136 2548 139 2551 ,
208 2472 395 2538 Servorum
417 2483 451 2538 et
466 2473 640 2560 egentium
665 2474 790 2540 civium
808 2486 841 2540 et
864 2476 1134 2543 facinorosorum
1160 2476 1260 2542 armis

210 2594 304 2638 meos
321 2572 418 2649 civis,
438 2572 522 2637 meis
539 2574 688 2639 consiliis
706 2574 934 2663 periculisque
951 2589 1115 2651 servatos,
1129 2598 1192 2662 pro
1209 2597 1260 2640 me

209 2673 297 2739 obici
326 2673 432 2738 nolui.
480 2690 526 2737 ar.
549 2673 630 2738 Vidi
651 2664 844 2751 enim,'vidi
866 2678 958 2742 hunc
974 2677 1086 2762 ipsum
1105 2675 1159 2760 Q
1174 2676 1260 2740 Hor·

209 2773 369 2848 tensium,
398 2774 514 2838 lumen
545 2784 579 2839 et
609 2787 848 2840 ornamentum
880 2776 929 2842 rei
962 2777 1133 2862 publicae,
1153 2796 1259 2862 paene

210 2869 352 2938 interfici
384 2895 559 2938 servorum
592 2895 708 2950 manu,
728 2896 806 2940 cum
835 2876 920 2940 mihi
949 2877 1104 2941 adesset:
1133 2897 1200 2962 qua
1227 2875 1259 2937 in

207 2973 307 3037 turba
324 2971 366 3038 C.
382 2972 549 3038 Vibienus
578 2985 726 3051 senator,
746 2975 797 3039 vir
812 2975 974 3060 optimus,
987 2997 1066 3040 cum
1093 2977 1159 3040 hoc
1183 2995 1259 3039 cum

210 3084 298 3138 esset
315 3093 396 3146 una,
414 3072 459 3137 ita
476 3085 526 3137 est
550 3074 731 3150 mulcatus,
751 3086 787 3140 ut
803 3075 905 3139 vitam
931 3075 1094 3140 amiserit.
1143 3074 1258 3159 Itaque

209 3172 347 3258 quando
370 3172 461 3237 illius
485 3184 602 3257 postea
627 3173 699 3239 sica
719 3175 791 3250 illa,
813 3195 917 3260 quam
944 3195 963 3239 a
989 3174 1141 3241 Catilina
1164 3193 1257 3238 acce·

210 3284 317 3356 perat,
333 3271 547 3359 conquievit?
596 3273 695 3339 Haec
711 3274 874 3339 intentata
887 3274 985 3340 nobis
1002 3285 1073 3349 est;
1100 3275 1178 3339 huic
1193 3292 1254 3358 ego

209 3391 270 3434 vos
301 3371 389 3437 obici
417 3395 479 3457 pro
510 3395 566 3439 me
597 3395 666 3438 non
698 3395 774 3438 sum
806 3394 948 3459 passus3
984 3374 1072 3438 haec
1103 3372 1252 3438 insidiata

210 3468 374 3554 Pompeio
398 3485 470 3549 est;
503 3475 591 3540 haec
614 3474 713 3539 istam
738 3473 903 3559 Appiam,
938 3474 1182 3539 monimentum
1205 3467 1251 3535 sui

210 3569 369 3646 nominis,
396 3594 480 3640 nece
504 3573 620 3660 Papiri
645 3573 852 3647 cruentavit3
889 3575 975 3637 haec
1006 3573 1128 3638 eadem
1155 3574 1251 3656 longo

209 3669 388 3736 intervallo
412 3694 577 3739 conversa
601 3695 719 3738 rursus
743 3683 793 3737 est
816 3672 852 3736 in
877 3694 951 3737 me:
981 3693 1091 3757 nuper
1107 3672 1249 3759 quidem,

103 3822 110 3831 a
209 3780 245 3835 ut
269 3769 374 3846 scitis,
394 3794 448 3836 me
473 3774 517 3837 ad
542 3773 672 3860 regiam
699 3793 809 3858 paene
834 3772 991 3837 confecit.

253 3885 299 3933 aa.
323 3869 419 3956 Quid
435 3870 545 3935 simile
562 3870 725 3937 Milonis?
757 3871 921 3959 cujusvis
941 3871 1052 3937 omnis
1069 3872 1154 3937 haec
1169 3886 1249 3934 sem·

205 3974 271 4055 ‘pet
292 3969 365 4047 fuit,
385 3990 427 4034 ne
451 3967 492 4032 P.
511 3968 668 4046 Clodius,
686 3991 764 4035 curn
788 3971 822 4035 in
842 3971 1010 4059 judicium
1034 3970 1164 4038 detrahi
1186 3982 1248 4033 nou
