2572 4442
579 1 667 77 'l

397 40 403 57 .

14 96 16 133 l
284 66 515 185 ,iu-liis·-
601 100 624 191 ¹)
688 114 742 155 κ’».
792 74 843 141 *i

14 192 16 219 Ι

605 180 634 191 ”’
673 186 680 214 l

14 224 65 305 {1³2
80 229 124 300 19·l
246 229 319 297 Tne
343 232 460 300 Poet’s
488 233 602 302 Cloim
625 244 659 302 to
682 236 824 303 Honor.
989 260 1049 329 141

14 364 130 496 lunum
148 452 298 497 amorem
316 434 382 499 sibi
398 435 598 502 conciliarat
619 458 639 502 a
663 437 761 504 nobis
784 438 965 506 omnibus:
989 462 1053 507 nos

14 530 187 595 {animorum
215 532 431 600 incredibilis
457 549 568 602 motus
594 539 871 625 celeritatemque
897 540 1054 628 ingenio-

35 651 80 693 rum
101 632 362 719 neglegemus?
406 652 448 699 18.
473 635 641 720 Quotiens
670 659 736 727 ego
768 639 861 704 hunc
885 639 1053 704 Archiam

30 727 84 803 vidi,
96 728 240 816 judices,
252 771 302 783 —
315 746 390 799 utar
407 736 498 801 enim
516 747 627 802 vestra
646 738 871 826 benignitate,
889 739 1053 827 quoniam

15 849 64 915 gne
82 828 112 892 in
134 831 198 895 hoc
219 855 315 901 novo
340 857 468 924 genere
492 837 629 902 dicendi
652 849 722 903 tam
747 839 931 925 diligenter
947 850 1054 905 atten-

14 928 318 1018 ditis—quotiens
334 959 400 1025 ego
424 938 518 1003 hunc
534 938 617 1014 vidi,
636 960 715 1004 cum
736 938 882 1004 litteram
900 939 1056 1029 Spslffii&

15 1016 204 1123 lqettnullam,
221 1056 394 1124 magnum
411 1059 593 1103 numerum
609 1039 814 1125 optimorum
831 1038 992 1105 versd'um
1010 1041 1054 1103 de

15 1078 143 1275 'iis‘ipsis
159 1136 265 1201 rebus
283 1158 374 1224 quae
390 1148 460 1202 tum
479 1149 664 1225 agerentur
679 1139 794 1204 dicere
817 1161 862 1205 ex
878 1151 1031 1225 tempore
1045 1138 1053 1203 1

15 1228 164 1316 „Qotiens
189 1249 395 1324 revocatum
423 1239 569 1302 eandem
595 1259 667 1303 rem
693 1238 821 1314 dicere,
839 1239 1054 1305 commutatis

16 1310 109 1423 lverbis
132 1345 236 1420 atque
264 1335 463 1402 sententiisl
511 1335 613 1422 Quae
628 1359 711 1403 vero
737 1339 899 1404 adcurate
926 1339 1056 1425 cogita·

17 1425 97 1515 fteque
119 1434 184 1498 scri
232 1435 330 1512 isset,
356 1457 397 1501 ea
422 1437 472 1501 sic
495 1437 564 1502 vidi
596 1437 747 1523 probari,
772 1448 810 1502 ut
832 1439 877 1504 ad
901 1450 1054 1503 veterum

16 1457 368 1614 slcriptorufflssfaudem
402 1536 605 1621 perveniret.
667 1537 772 1602 Hunc
796 1558 862 1625 ego
886 1559 954 1601 non
979 1537 1055 1633 dili·

16 1588 21 1663 l
57 1629 103 1694 m?
131 1655 202 1699 non
226 1635 401 1701 admirer?
433 1659 502 1702 non
525 1637 619 1703 omni
643 1638 775 1703 ratione
799 1630 1054 1702 defendendam

41 1718 134 1796 Te'fn?

54 1827 156 1917 Atque
173 1834 225 1901 sic
243 1857 266 1901 a
284 1837 426 1903 summis
450 1837 646 1903 hominibus
670 1836 974 1923 eruditissimisque
999 1856 1055 1900 ac·

14 1928 166 2010 vrepimus,
185 1947 518 2059 ceteffl‘ffllm
544 1938 655 2002 studia
679 1948 712 2001 et
731 1937 884 2002 doctrina
909 1947 942 2001 et
957 1957 1055 2021 prae·

15 2028 107 2109 ceptis
126 2042 158 2097 et
175 2046 250 2101 arte
277 2049 432 2101 constare
446 2034 614 2121 :⁶poetam
640 2048 761 2101 natura
784 2037 860 2122 ipsa
876 2037 1004 2111 valere,
1023 2049 1056 2101 et

28 2128 123 2194 nentis
136 2133 273 2200 viribus
290 2135 443 2211 excitari,
462 2149 496 2201 et
511 2137 609 2223 quasi
629 2137 745 2202 divino
768 2137 918 2224 quodam
936 2136 1054 2222 spiritu

14 2219 124 2293 inflari.
174 2233 262 2320 Oua
287 2258 323 2301 re
348 2259 419 2325 Q
433 2237 510 2324 jure
538 2250 654 2302 noster
678 2238 735 2302 ille
761 2236 894 2301 Ennius
919 2248 1056 2302 sanctos

14 2388 17 2413 ‚
32 2329 151 2409 appellat
167 2343 303 2421 poetas,
322 2336 425 2422 quod
438 2337 535 2423 quasi
552 2337 694 2402 deorum
715 2338 830 2423 aliquo
846 2337 937 2402 dono
954 2347 1056 2423 atque

14 2442 142 2531 ¹inuuere
173 2436 409 2502 commendati
441 2436 539 2501 nobis
570 2457 645 2502 esse
673 2437 898 2549 videanturq
927 2453 968 2500 19.
1004 2435 1057 2502 Sit

17 2523 118 2606 suitur,
139 2532 292 2622 judices
314 2546 470 2600 sanctum
495 2537 585 2620 apud
604 2558 676 2611 vos,
704 2536 971 2601 humanissimos
996 2535 1057 2601 ho·

18 2624 125 2707 niues,
143 2635 211 2702 hoc
239 2640 360 2720 poetae
386 2656 526 2708 nomen,
551 2636 643 2721 quod
669 2636 764 2698 nulla
789 2656 952 2721 umquam
978 2636 1057 2701 bar·

14 2719 100 2793 ¹baria
120 2733 276 2801 violavit.
333 2732 429 2800 Saxa
453 2745 487 2799 et
510 2734 708 2798 solitudines
732 2734 808 2798 voci
834 2735 1054 2819 respondent,

33 2816 130 2896 hestiae
154 2856 263 2920 saepe
287 2835 455 2899 immanes
479 2844 582 2898 cantu
605 2832 786 2897 flectuntur
803 2845 904 2918 atque
929 2834 1057 2899 consis-

17 2912 98 3007 {un
120 2955 197 3012 nos,
217 2935 358 3000 instituti
383 2935 485 2999 rebus
510 2932 660 3017 optimis,
683 2954 751 2996 non
777 2938 955 3018 poetarum
972 2954 1057 2998 voce

14 3010 226 3109 llloveamur?
275 3035 465 3099 Homerum
491 3031 697 3117 Colophonii
715 3033 825 3097 civem
849 3054 924 3098 esse
940 3033 1058 3098 dicunt

14 3124 117 3215 Quum,
131 3135 214 3202 Chii
231 3158 329 3201 suum
346 3130 731 3223 vindicantsSalaminii
749 3145 918 3219 repetunt,
937 3131 1058 3227 Μ-

14 3232 16 3287 ἶ
31 3227 86 3313 lle}
97 3254 136 3299 ve
154 3261 175 3304 o
193 3259 293 3303 suum
307 3258 382 3302 esse
400 3222 614 3314 confirmant,
628 3230 741 3319 itaque
759 3234 860 3298 etiam
875 3233 1056 3297 delubrum

35 3306 85 3405 eju}
104 3333 137 3400 in
159 3337 288 3424 oppido
312 3335 577 3402 dedicaverunt:
613 3333 772 3420 permulti
797 3332 855 3396 alii
879 3343 1057 3418 praeterea

14 3446 18 3453 ”
34 3436 161 3513 pugnant
191 3439 280 3502 inter
310 3457 346 3502 se
378 3448 479 3523 atque
501 3434 738 3506 contendunt.
795 3452 845 3496 rx.
877 3432 973 3520 Ergo
1007 3432 1056 3497 illi

14 3564 16 3571 >
36 3520 169 3615 alienum,
187 3537 268 3625 quia
286 3541 385 3622 poeta
402 3535 476 3611 fuit,
494 3545 571 3620 post
587 3544 731 3599 mortem
752 3531 855 3597 etiam
871 3544 1056 3617 expetunt:

14 3648 15 3681 1
35 3636 77 3688 ¹¹0⁸
91 3630 177 3704 hunc
192 3637 322 3711 vivum,
340 3636 398 3723 qui
416 3646 448 3700 et
462 3635 635 3700 voluntate
652 3645 685 3698 et
700 3632 836 3719 legibus
860 3644 976 3731 noster
993 3644 1055 3707 est,

14 3733 293 3806 lllpudiabimus?
327 3735 526 3821 praesertim
559 3755 638 3798 cum
670 3753 772 3798 omne
799 3732 880 3798 olim
907 3732 1057 3797 studium

37 3829 113 3908 atque
138 3858 237 3902 omne
268 3836 446 3924 ingenium
479 3832 657 3898 contulerit
684 3830 834 3896 Archias
862 3832 906 3896 ad
939 3830 1056 3916 populi

36 3909 158 4000 Romani
181 3935 326 4025 gloriam
351 3935 558 4020 laudemque
583 3929 858 3999 celebrandam?
904 3928 998 3995 Nam
1024 3939 1058 3993 et
