2760 4448
136 264 181 304 ur.
203 250 277 322 uo]
400 249 436 316 Τ
429 250 471 314 ha
494 249 655 316 Plandar
676 251 725 336 (γ’
738 246 930 336 Syracusa,
1141 264 1186 334 43

130 453 215 518 tiens
234 453 429 518 sestertium
443 472 487 516 ex
500 451 619 516 Sicilia
633 462 752 516 contra
767 450 864 538 leges
880 448 1073 515 abstulisse.
1108 447 1187 514 Hoc

130 556 287 629 testibus,
308 555 374 618 hoc
392 554 516 617 tabulis
533 553 673 638 privatis
694 554 907 640 publicisque
931 551 1188 617 auctoritatibus

129 655 174 720 ita
198 656 300 721 vobis
326 657 469 741 planum
492 655 671 730 faciemus,
692 667 730 719 ut
754 655 820 720 hoc
843 655 1009 730 statuatis,
1031 656 1133 718 etiam
1158 653 1186 718 si

128 757 279 840 spatium
298 757 342 821 ad
360 756 545 821 dicendum
562 768 678 821 nostro
694 756 889 831 commodo,
904 776 1099 841 vacuosque
1112 755 1186 819 dies

128 856 385 933 habuissemus,
404 867 520 922 tamen
537 856 692 922 oratione
708 855 815 944 longa
831 855 917 921 nihil
932 876 1019 943 opus
1036 854 1153 920 fuisse.

172 956 271 1021 Dixi.

567 1115 741 1126 ..—

401 1279 472 1346 Tre
494 1280 654 1346 Plundcr
676 1283 725 1365 of
738 1279 924 1370 Syracuse.

351 1420 448 1485 [Actio
472 1421 610 1481 Secunda,
635 1423 698 1472 Lib.
721 1422 770 1472 1v.
795 1424 839 1473 ch.
864 1422 970 1489 52-6o.]

173 1561 241 1606 ιιι.
267 1539 386 1606 Uruus
411 1539 513 1604 etiam
535 1539 627 1605 urbis
643 1539 796 1605 omnium
813 1540 1066 1626 pulcherrimae
1084 1548 1185 1625 atque

127 1640 383 1714 ornatissimae,
403 1638 670 1725 Syracusarum,
690 1640 916 1725 direptionem
938 1659 1186 1705 commemora-

126 1745 172 1809 bo
189 1742 276 1807 etin
296 1740 445 1804 medium
462 1740 647 1824 proferam,
663 1739 811 1827 judices,
825 1750 862 1806 ut
877 1739 1064 1826 aliquando
1080 1750 1184 1805 totam

127 1844 233 1931 hujus
262 1839 400 1928 generis
428 1840 617 1905 orationem
646 1840 852 1906 concludam
880 1851 982 1927 atque
1005 1840 1182 1908 definiam.

127 1941 246 2009 Nemo
265 1941 335 2006 sere
351 1949 501 2005 vestrum
525 1951 576 2005 est
596 1941 679 2027 quin
703 1961 805 2027 quern
829 1943 874 2006 ad
900 1942 1037 2007 modum
1063 1954 1194 2032 captae¹

128 2044 196 2110 sint
214 2063 235 2106 a
250 2040 303 2106 M.
319 2040 489 2107 Marcello
502 2039 698 2125 Syracusae
712 2061 816 2128 saepe
832 2042 988 2117 audierit,
1003 2065 1073 2109 nnn
1086 2065 1185 2109 num·

127 2165 234 2230 quam
250 2141 354 2206 etiam
367 2141 402 2204 in
416 2140 598 2206 annalibus
610 2141 745 2227 legerit.
783 2140 944 2211 Conferte
958 2144 1048 2208 hanc
1061 2164 1184 2229 pacem

127 2264 209 2309 cum
234 2242 294 2306 illo
317 2241 422 2316 bello,
446 2240 549 2328 hujus
573 2241 739 2326 praetoris
766 2243 951 2309 adventum
983 2265 1062 2309 curn
1094 2243 1184 2308 illius

128 2341 346 2428 imperatoris
377 2339 532 2415 victoria,
563 2341 664 2427 hujus
695 2342 870 2408 cohortem
901 2343 1072 2428 impuram
1105 2364 1184 2409 curn

126 2444 222 2508 illins
240 2440 393 2506 exercitu
410 2439 549 2514 invicto,
569 2440 669 2527 hujus
686 2441 844 2508 libidines
861 2464 940 2508 curn
962 2444 1053 2509 illius
1078 2443 1185 2508 conti·

127 2543 268 2609 nentia:
299 2542 342 2606 ab
366 2541 438 2616 illo,
456 2540 514 2626 qui
532 2540 634 2625 cepit,
654 2541 821 2618 conditas,
841 2544 885 2608 ab
902 2543 968 2608 hoc
984 2543 1042 2629 qui
1060 2543 1184 2609 consti-

126 2654 218 2708 tutas
235 2641 383 2724 accepit,
402 2650 520 2725 captas
537 2640 656 2705 dicetis
673 2640 881 2726 Syracusas.

170 2757 201 2804 2·
226 2740 282 2805 Ac
302 2740 377 2828 jam
400 2739 459 2803 illa
481 2739 610 2814 amitt0‚
629 2759 718 2824 quae
738 2740 891 2824 disperse
909 2763 928 2805 a
946 2764 1001 2806 me
1018 2742 1131 2808 multis
1148 2743 1184 2808 in

126 2843 213 2909 locis
239 2841 396 2906 dicentur
419 2860 461 2903 ac
484 2839 574 2904 dicta
598 2851 697 2904 sunt:
730 2840 840 2905 forum
869 2840 1181 2927 Syracusanorum,

127 2943 220 3029 quod
239 2939 377 3005 introitu
394 2938 553 3004 Marcelli
571 2960 697 3024 purum
713 2940 820 3004 caede
837 2951 1009 3005 servatum
1029 2952 1131 3016 esset,
1149 2942 1183 3006 id

126 3044 280 3109 adventu
308 3039 427 3107 Verris
456 3038 652 3107 Siculorum
680 3039 911 3107 innocentium
937 3040 1109 3128 sanguine
1132 3064 1184 3106 re-

125 3143 325 3209 dundasse:
355 3149 489 3225 portum
514 3138 826 3225 Syracusanorum,
846 3140 903 3229 qui
923 3153 995 3207 tum
1012 3153 1045 3206 et
1061 3143 1183 3208 nostris

126 3242 299 3308 classibus
329 3250 363 3304 et
393 3238 741 3327 Karthaginiensium
773 3241 912 3307 clausus
943 3241 1074 3319 fuisset,
1104 3264 1182 3308 eum

124 3343 192 3408 isto
208 3351 367 3428 praetore
384 3338 533 3405 Cilicum
552 3340 754 3426 myoparoni
770 3341 1069 3429 praedonibusque
1087 3355 1184 3427 patu-

125 3443 216 3509 isse:
251 3441 348 3505 mitto
375 3441 563 3507 adhibitam
591 3441 660 3507 vim
685 3441 859 3527 ingenuis,
886 3455 1011 3509 matres
1035 3443 1183 3508 familias

58 3530 62 3535 ¹
124 3544 286 3614 violatas,
304 3561 395 3628 qnae
418 3552 490 3605 tum
514 3540 549 3604 in
572 3543 657 3607 urbe
680 3553 781 3627 capta
806 3543 989 3609 commissa
1012 3566 1081 3609 non
1106 3556 1184 3609 sunt

125 3663 240 3728 neque
261 3641 341 3706 odio
364 3641 477 3706 hostili
498 3662 610 3726 neque
629 3642 766 3707 licentia
790 3643 926 3713 militari
952 3665 1064 3729 neque
1089 3664 1182 3708 more

124 3744 207 3808 belli
228 3762 341 3827 neque
354 3741 431 3837 jure
448 3741 630 3805 victoriae:
657 3742 763 3816 mitto,
779 3742 933 3829 inquam,
950 3743 1180 3817 haecomnia,

123 3865 216 3930 quae
250 3843 295 3907 ab
327 3841 390 3907 isto
414 3862 475 3926 per
499 3842 681 3906 triennium
706 3842 857 3926 perlecta
881 3854 980 3908 sunt:
1012 3864 1066 3918 ea,
1093 3864 1182 3928 quae

124 3944 313 4030 conjuncta
333 3962 411 4006 curn
431 3940 497 4005 illis
517 3940 619 4006 rebus
643 3952 733 4016 sunt,
755 3942 945 4028 dequibus
969 3953 1071 4007 antea
1094 3941 1180 4016 dixi,

124 4042 340 4130 cognoscite.
668 4035 674 4051 ’
867 4053 873 4070 ·
1150 4066 1155 4073 ·
