2722 4438
204 287 268 362 174
560 273 718 361 Drffence
740 277 789 364 os
808 274 910 343 Milo.
1132 278 1225 349 [Mun

201 471 362 559 legimus,
381 493 500 539 verum
517 495 561 539 ex
577 485 699 540 natura
715 475 790 562 ipsa
815 477 1040 564 adripuimuS‚
1057 479 1227 558 hausimus,
1318 472 1319 481 ¹

202 573 454 656 expressimus3
481 574 645 660 adquam
669 598 738 641 non
763 576 852 642 docti
876 580 936 644 sed
961 578 1054 655 facti,
1072 580 1231 645 noninsti⁴

201 672 261 735 tuti
279 672 339 737 sed
363 672 481 737 imbuti
505 685 752 752 sumus-ut,
771 676 799 741 si
822 677 892 742 vita
916 690 1032 744 nostra
1055 679 1091 743 in
1117 680 1232 765 aliquas

201 770 355 847 insidias,
374 772 402 836 si
426 772 461 836 in
485 773 554 838 vim
579 788 612 839 et
634 774 670 839 in
694 776 761 840 tela
786 788 844 841 aut
867 778 1039 844 latronum
1064 790 1119 844 aut
1138 779 1233 843 inimi·

201 891 320 936 corum
351 870 538 948 incidisset,
563 875 674 939 omnis
705 876 848 942 honesta
880 879 966 944 ratio
997 888 1087 944 esset
1112 879 1234 964 expedi·

202 972 312 1037 endae
336 971 467 1036 salutis.
505 972 551 1033 'u.
575 972 688 1039 Silent
703 976 795 1041 enim
818 979 916 1066 leges
940 979 1030 1044 inter
1049 999 1160 1053 arma3
1182 999 1235 1042 nec

202 1091 238 1134 se
271 1070 463 1155 exspectari
498 1071 631 1159 jubent,
659 1093 737 1139 cum
771 1075 803 1140 ei
836 1078 893 1164 qui
926 1090 1128 1164 exspectare
1155 1076 1234 1150 velit,
1319 1070 1320 1081 ’

203 1179 280 1233 ante
301 1169 424 1257 injusta
450 1192 563 1257 poena
590 1173 718 1238 luenda
745 1175 799 1252 sit,
817 1199 922 1264 quam
944 1178 1039 1266 justa
1054 1176 1234 1262 repetenda.

201 1270 275 1335 Etsi
298 1271 533 1357 persapienter
556 1284 589 1338 et
611 1276 761 1360 quodam
786 1278 888 1343 modo
909 1278 1011 1344 tacite
1034 1279 1093 1343 dat
1108 1277 1177 1362 ipsa
1192 1276 1237 1337 lex
1320 1314 1321 1325 κ

203 1383 402 1456 potestatem
435 1372 657 1450 defendendi,
691 1397 781 1462 quae
813 1399 882 1442 non
917 1379 1095 1444 hominem
1129 1373 1236 1447 occidi,

167 1522 171 1528 .
203 1470 264 1537 sed
288 1475 363 1536 e'sse
387 1492 466 1536 cum
490 1473 558 1538 telo
583 1474 729 1540 hominis
751 1477 930 1542 occidendi
947 1499 1055 1543 causa
1071 1486 1179 1548 vetat3
1199 1484 1237 1544 ut,

204 1592 282 1637 curn
299 1592 404 1638 causa
421 1594 490 1638 non
506 1575 613 1638 telum
637 1589 870 1661 quaereretur,
887 1577 946 1664 qui
972 1579 1025 1643 sui
1049 1571 1239 1643 defendendi
1321 1624 1322 1657 z

204 1695 310 1739 causa
337 1674 404 1740 telo
432 1685 522 1740 esset
548 1697 632 1740 usus
663 1697 733 1741 non
764 1678 912 1744 hominis
941 1678 1125 1744 occidendi
1151 1692 1240 1740 causa

204 1775 366 1840 habuisse
390 1776 495 1841 telum
517 1775 739 1864 judicaretur.
790 1777 1010 1863 Quapropter
1033 1780 1101 1843 hoc
1122 1781 1241 1840 maneat

204 1875 240 1940 in
268 1895 386 1952 causa,
413 1875 568 1963 judicesz
597 1898 666 1941 non
691 1877 783 1941 enim
806 1878 922 1942 dubito
946 1878 1028 1964 quin
1054 1878 1241 1963 probaturus

205 1977 269 2041 sim
293 1974 390 2041 vobis
414 1976 648 2042 defensionem
674 1997 799 2052 meam,
818 1977 846 2041 si
870 1977 905 2042 id
927 1960 1150 2042 memineritis
1165 1969 1242 2059 quod
1322 2034 1323 2037 ,

204 2075 360 2142 oblivisci
378 2097 445 2140 non
463 2076 614 2161 potestis,
633 2076 866 2141 insidiatorem
887 2076 964 2163 jure
980 2075 1126 2142 interfici
1143 2091 1249 2160 posse-2

250 2195 288 2240 v.
313 2192 356 2239 12.
380 2173 542 2262 Sequitur
564 2176 663 2251 illud,
683 2177 775 2263 quod
800 2197 819 2241 a
844 2175 986 2241 Milonis
1009 2175 1157 2241 inimicis
1180 2190 1242 2237 sae·

205 2277 346 2364 pissime
378 2276 512 2350 dicitur,
538 2277 681 2341 caedem
715 2277 748 2340 in
780 2274 848 2362 qua
880 2275 920 2340 Ρ.
951 2274 1098 2342 Clodius
1124 2272 1243 2340 occisus
1291 2280 1294 2285 '

206 2390 257 2443 est
295 2386 450 2443 senatum
493 2375 668 2463 judicasse
704 2388 821 2441 contra
858 2397 931 2458 rem
971 2377 1146 2461 publicam
1179 2388 1242 2435 esse

206 2477 345 2543 factam.
395 2477 495 2542 Illam
523 2498 605 2542 vero
629 2488 767 2542 senatus
795 2497 862 2540 non
894 2476 1071 2542 sententiis
1104 2474 1171 2541 suis
1200 2490 1244 2534 so-

205 2578 291 2653 lum,
310 2579 370 2644 sed
395 2577 496 2642 etiam
521 2577 641 2643 studiis
666 2575 910 2662 comprobavit.
940 2659 946 2667 ι
969 2573 1141 2660 Quotiens
1164 2569 1243 2636 enim

206 2690 256 2743 est
279 2677 338 2742 illa
362 2698 467 2743 causa
491 2699 511 2742 a
533 2677 631 2743 nobis
648 2688 725 2740 acta
746 2676 780 2740 in
797 2674 938 2740 senatul
963 2677 1088 2761 quibus
1105 2667 1244 2739 adsensi·

205 2779 327 2845 onibus
351 2778 501 2849 universi
525 2776 666 2849 ordinis,
686 2796 789 2862 quam
806 2797 871 2840 nec
886 2775 996 2840 tacitis
1012 2796 1077 2840 nec
1093 2764 1244 2841 occultis!

207 2878 357 2964 Quando
374 2878 466 2943 enim
483 2876 756 2964 frequentissimo
773 2886 893 2940 senatu
910 2885 1067 2960 quattuor
1091 2886 1151 2940 aut
1165 2889 1245 2938 sum·
1320 2936 1324 2945 ,

204 3002 299 3045 mum
326 2980 477 3066 quinque
505 2989 583 3043 sunt
610 2975 738 3041 inventi
766 2973 823 3061 qui
852 2972 994 3038 Milonis
1021 2996 1163 3040 causam
1186 2988 1245 3034 non
1322 2988 1323 2991 ¹

205 3078 410 3167 probarent?
459 3078 646 3144 Declarant
678 3075 780 3165 hujus
812 3074 959 3140 ambusti
989 3075 1114 3140 tribuni
1146 3068 1245 3159 plebis

204 3182 283 3247 illae
307 3181 549 3245 intermortuae
571 3178 759 3252 contiones,
778 3175 902 3263 quibus
923 3174 1045 3241 cotidie
1065 3195 1177 3241 meam
1194 3189 1246 3256 po·

171 3284 175 3287 ’
204 3282 343 3345 tentiam
371 3279 538 3344 invidiose
564 3276 820 3353 criminabatur,
841 3297 920 3341 cum
946 3275 1075 3340 diceret
1100 3283 1245 3341 senatum

204 3402 273 3445 non
301 3380 392 3466 quod
421 3379 570 3453 sentiret,
598 3378 659 3442 sed
687 3377 780 3462 quod
808 3398 875 3463 ego
900 3377 1025 3440 vellem
1054 3375 1241 3440 decernere·

206 3479 307 3562 Quae
322 3479 462 3563 quidem
479 3479 508 3544 si
524 3477 672 3563 potentia
690 3489 740 3541 est
758 3475 1018 3560 appellanda—
1025 3475 1136 3560 potius
1149 3487 1243 3560 quam

205 3590 263 3643 aut
286 3588 424 3663 propter
445 3598 575 3664 magna
589 3577 625 3640 in
641 3598 713 3640 rem
737 3575 911 3662 publicam
935 3573 1055 3638 merita
1073 3566 1243 3639 mediocris

204 3677 239 3742 in
265 3676 364 3741 bonis
390 3675 503 3739 causis
529 3675 723 3749 auctoritas,
745 3686 802 3739 aut
829 3686 967 3760 propter
995 3675 1059 3739 hos
1082 3674 1243 3739 officiosos

203 3778 339 3841 labores
363 3794 458 3837 meos
481 3794 550 3837 non
575 3774 670 3837 nulla
693 3774 785 3857 apud
811 3775 918 3838 bonos
942 3766 1243 3860 gratia-appel·

203 3875 292 3938 letur
315 3873 360 3936 ita
388 3892 486 3944 sane,
510 3871 591 3935 dum
618 3872 720 3936 modo
744 3892 786 3936 ea
812 3884 1035 3939 nosutamur
1057 3896 1119 3960 pro
1144 3873 1243 3940 salute

203 3971 371 4032 bonorum
396 3979 514 4031 contra
539 3969 724 4032 amentiam
749 3970 971 4054 perditorum.
1005 4018 1007 4021 .
