2572 4442
211 245 274 316 142
499 225 713 314 citizenship
736 225 784 312 (ff
797 224 962 292 Archias.
1147 221 1267 292 [Anca.

209 427 476 543 Q
490 426 693 493 adulescens
717 425 839 514 attigit,
859 436 891 491 et
914 425 978 512 ipsi
1002 424 1051 489 illi
1068 424 1111 491 C.
1131 422 1267 501 Mario,

208 552 267 617 qui
284 529 399 595 durior
415 529 458 592 ad
483 529 570 592 haec
586 526 698 591 studia
714 525 905 601 videbatur,
927 526 1100 613 jucundus
1117 524 1195 588 suit.

252 648 300 696 πο.
324 630 448 717 Neque
466 628 557 693 enim
578 627 761 713 quisquam
785 637 835 690 est
851 637 920 689 tam
938 646 1079 690 aversus
1096 645 1116 687 a
1133 621 1267 699 Musis,

208 733 266 820 qui
291 755 359 799 non
384 729 539 795 mandari
558 726 713 791 versibus
739 738 915 789 aeternum
941 746 1079 789 suorum
1104 724 1269 788 laborum

209 832 309 898 facile
326 830 546 918 praeconium
565 825 724 913 patiatur.
759 824 1030 933 TheQm
1046 824 1158 899 illum,
1172 845 1270 888 sum·

209 954 302 996 mum
327 930 473 996 Athenis
490 930 614 1003 virum,
633 925 763 990 dixisse
789 924 895 1000 aiunt,
917 945 995 989 cum
1023 945 1133 989 exeo
1158 944 1272 1010 quae·

208 1044 350 1106 reretur‚
376 1030 468 1115 quod
496 1048 656 1093 acroama
686 1034 744 1089 aut
769 1024 867 1111 cujus
892 1045 1011 1088 vocem
1036 1014 1282 1147 libentissimei

209 1131 371 1194 audiret:
406 1129 511 1214 Ejus,
530 1150 552 1191 a
570 1150 636 1214 quo
659 1148 724 1191 sua
748 1126 862 1189 virtus
887 1126 1013 1212 optritae
1031 1125 1282 1253 praedicare-p

208 1239 280 1294 tur.
309 1230 429 1315 ltaque
445 1228 502 1293 ille
515 1227 650 1293 Marius
667 1229 746 1293 item
764 1224 891 1292 eximie
904 1224 947 1288 L.
962 1222 1109 1289 Plotium
1126 1224 1269 1301 dilexit,

209 1330 306 1417 cujus
322 1328 463 1415 iugenio
479 1330 619 1414 putabat
631 1349 671 1394 ea
689 1349 777 1414 quae
793 1336 949 1415 gesserat
961 1346 1062 1410 posse
1078 1324 1268 1390 celebrari.
1276 1388 1282 1439 l

207 1446 256 1524 21.x
274 1429 545 1494 Mithridaticum
561 1450 642 1494 vero
658 1429 800 1502 bellum,
820 1448 986 1515 magnum
1004 1435 1104 1512 atque
1121 1425 1271 1491 difficile

208 1531 292 1596 etin
310 1531 415 1594 multa
433 1529 593 1593 varietate
610 1540 699 1593 terra
717 1529 870 1615 marique
888 1539 1073 1601 versatum,
1092 1538 1208 1590 totum
1228 1527 1270 1591 ab

209 1632 275 1697 hoc
292 1651 493 1716 expressum
510 1640 581 1694 est:
606 1629 664 1714 qui
689 1629 764 1694 libri
782 1651 851 1695 non
874 1629 976 1695 modo
993 1628 1036 1693 L.
1056 1602 1282 1716 Lp-caulhsstn,¹

208 1731 426 1797 fortissimum
445 1742 478 1795 et
494 1729 722 1794 clarissimum
739 1729 862 1805 virum,
881 1751 1000 1794 verum
1021 1722 1282 1821 etiam,

208 1831 359 1896 Romani
386 1851 511 1894 nomeu
537 1828 729 1893 inlustrant.
778 1829 930 1916 Populus
958 1829 1049 1894 enim
1075 1830 1281 1895 Romanus

209 1931 342 2016 aperuit
357 1929 506 1994 Lucullo
530 1929 719 2015 imperante
736 1928 896 2025 Ppntum,
914 1942 947 1994 et
963 1929 1076 2019 regiis
1084 1932 1282 2019 quondam¹

168 2098 170 2103 ,
208 2031 329 2115 opibus
350 2041 383 2094 et
399 2029 473 2113 ipsa
497 2040 617 2093 natura
635 2040 667 2093 et
684 2020 825 2116 regione
841 2030 1026 2094 vallatum:
1038 2030 1172 2116 'populi
1194 2024 1282 2096 Ro*

208 2128 300 2193 mani
319 2129 501 2201 exercitus,
520 2128 641 2192 eodem
664 2128 764 2203 duce,
783 2151 851 2193 non
869 2130 1022 2194 maxima
1039 2152 1144 2195 manu
1163 2068 1282 2196 innu·l

209 2228 381 2294 merabilis
406 2226 649 2292 Armeniorum
681 2228 798 2313 copias
824 2229 929 2294 ludit:
963 2231 1081 2316 populi
1106 2230 1270 2296 Romani

208 2330 283 2394 laus
315 2339 366 2393 est
396 2327 515 2392 urbem
548 2327 790 2392 amicissimam
821 2328 1074 2422 Cerum
1103 2331 1269 2419 ejusdem

208 2422 350 2494 consilio
367 2426 520 2492 exomni
544 2426 671 2512 impetu
689 2428 785 2515 regio
803 2423 1020 2517 atqu'e‘lb'lius
1044 2432 1124 2496 belli
1142 2455 1211 2498 ore
1230 2456 1270 2498 ac

207 2529 364 2594 faucibus
382 2539 533 2613 ereptam
557 2548 633 2592 esse
651 2539 752 2614 atque
775 2542 967 2595 servatam:
991 2543 1106 2597 nostra
1123 2532 1280 2619 semper

208 2630 334 2695 feretur
360 2638 394 2693 et
419 2626 683 2713 praedicabitur,
710 2628 755 2693 L.
780 2629 928 2696 Lucullo
955 2631 1155 2708 dimicante,
1184 2614 1280 2698 euml

207 2728 392 2795 interfectis
410 2728 553 2793 ducibus
570 2728 732 2813 depressa
749 2730 897 2795 hostium
915 2732 1048 2807 classis,
1064 2742 1097 2796 et
1112 2731 1268 2803 incredi-

207 2831 285 2895 bilis
311 2827 403 2914 apud
419 2826 603 2892 Tenedum
631 2850 749 2916 pugna
775 2829 833 2894 illa
862 2831 1016 2896 navalis:
1041 2834 1158 2896 nostra
1185 2846 1268 2899 sunt

207 2943 359 3015 tropaea,
388 2938 500 2992 nostra
533 2928 757 3004 monimenta,
787 2930 890 2993 nostri
918 2930 1093 3015 triumphi.
1157 2911 1279 3019 Qael

207 3051 351 3117 quorum
365 3025 511 3112 ingeniis
528 3026 727 3104 efferuntur,
744 3029 786 3093 ab
801 3029 849 3093 eis
863 3031 979 3114 populi
997 3031 1149 3095 Romani
1167 3034 1265 3099 sama

207 3131 409 3195 celebratur.
457 3143 505 3190 22.
529 3125 641 3192 Carus
670 3128 731 3192 luit
756 3127 923 3193 Africano
949 3104 1115 3241 supffori
1145 3147 1266 3199 noster

207 3229 355 3325 Eun-:Q
372 3229 487 3314 itaque
511 3228 614 3293 etiam
631 3228 666 3291 in
684 3229 841 3313 sepulcro
858 3227 1059 3314 Scipionum
1076 3242 1222 3315 potatur
1238 3236 1278 3305 is]

206 3320 282 3394 essse
307 3328 507 3394 constitutus
531 3350 576 3394 ex
601 3349 783 3393 marmore.
833 3327 881 3393 At
905 3329 954 3394 eis
979 3330 1139 3396 laudibus
1168 3316 1278 3397 certe¹

206 3450 274 3493 non
292 3430 401 3493 solum
420 3428 493 3516 ipse
510 3429 568 3515 qui
585 3428 756 3502 laudatur,
775 3428 836 3493 sed
853 3428 956 3494 etiam
972 3430 1088 3514 populi
1106 3430 1265 3497 Romani

206 3549 332 3592 nomen
345 3540 496 3593 ornatur.
527 3528 568 3591 In
581 3528 715 3591 caelum
733 3527 835 3615 hujus
851 3549 999 3614 proavus
1009 3528 1096 3595 Cato
1109 3530 1243 3595 tollitur
1256 3520 1277 3607 t‘}

206 3648 354 3714 magnus
371 3628 481 3692 honos
498 3626 615 3712 populi
633 3626 783 3690 Romani
801 3628 902 3692 rebus
919 3628 1130 3715 adjungitur.
1173 3629 1263 3694 Om-

205 3749 267 3792 nes
295 3726 444 3812 denique
472 3727 520 3790 illi
549 3724 1067 3821 Maalmisfflllltffltli·
1085 3751 1156 3794 non
1184 3704 1274 3794 sinel

206 3827 379 3892 communi
396 3826 554 3891 omnium
565 3809 836 3890 ffimsslaude
855 3816 1071 3891 decoranft'ifl
1103 3848 1141 3892 x.
1162 3827 1263 3915 Ergo

205 3926 316 4004 illum,
335 3925 393 4013 qui
417 3925 505 3989 haec
529 3923 668 4002 fecerat,
693 3920 872 3991 Rudinum
896 3927 1083 4004 hominem,
1110 3928 1268 4035 majores}

1279 2228 1281 2243 l
