2722 4438
137 247 202 312 228
307 320 311 325 ,
469 250 557 316 Plea
570 253 641 334 for
663 251 849 338 Ligarius·
1063 252 1189 321 [LIGAR-

136 458 246 513 tuerat
261 434 439 515 excusare.
491 450 590 515 Haec
607 472 673 538 ego
690 451 768 515 novi
786 462 924 537 propter
939 451 1051 545 omqis
1068 475 1190 520 neces-

136 548 300 627 situdines
317 571 404 634 quae
422 548 505 612 mihi
523 560 600 613 sunt
616 570 695 614 cum
712 550 756 614 L.
775 552 982 615 Tuberone:
1007 553 1099 618 domi
1118 577 1190 618 una

136 648 270 723 eruditi,
297 648 436 713 militiae
468 650 742 725 contubernales,
762 661 838 734 post
870 651 1015 727 adfines,
1034 653 1068 717 in
1093 655 1189 718 omni

136 747 282 833 denique
313 748 382 812 vita
413 748 620 812 familiares:
658 770 825 835 magnum
860 751 964 815 etiam
994 752 1187 829 vinculum,

135 849 227 931 quod
254 847 363 911 isdem
391 848 510 912 studiis
542 869 677 933 semper
709 848 761 912 usi
793 872 924 916 sumus.
948 825 1055 917 sscio
1083 853 1189 940 igitur

135 946 354 1011 Tuberonem
383 948 475 1011 domi
508 968 647 1011 manere
679 948 850 1015 voluisse:
883 952 945 1015 sed
973 951 1019 1015 ita
1045 954 1188 1038 quidam

11 1110 18 1120 y
59 1080 62 1085 >
121 1045 274 1131 =age—bat,
302 1046 347 1110 ita
372 1046 421 1110 rei
448 1047 606 1130 publicae
638 1049 890 1114 sanctissimum
923 1048 1048 1117 nomen
1080 1074 1189 1137 oppo-

14 1136 36 1211 ,’
55 1162 76 1223 ss
136 1144 250 1218 nebat,
280 1155 328 1220 ut,
362 1145 464 1210 etiam
496 1146 524 1210 si
557 1147 654 1211 aliter
680 1149 829 1225 sentiret,
857 1151 1038 1215 verborum
1070 1163 1189 1217 tamen
1249 1200 1257 1223 t

79 1238 88 1259 ”
135 1243 286 1326 ipsorum
327 1245 461 1329 p‘ondus
493 1247 659 1312 sustinere
691 1271 762 1313 non
793 1236 918 1334 posset.
982 1268 1030 1315 22.
1074 1250 1189 1317 Cessit

102 1362 117 1381 e
136 1343 324 1407 auctoritati
342 1344 543 1428 amplissimi
560 1347 637 1422 viri,
656 1350 710 1412 vel
728 1349 838 1433 potius
858 1350 980 1434 paruit.
1031 1351 1111 1417 Una
1136 1363 1189 1416 est

136 1441 306 1524 profectus
333 1465 412 1507 cum
442 1445 503 1521 eis,
527 1469 671 1533 quorum
698 1458 771 1512 erat
796 1469 865 1512 una
895 1471 1020 1515 causa:
1057 1452 1188 1516 tardius

135 1541 198 1604 iter
225 1541 323 1616 secit3
358 1543 472 1630 itaque
501 1546 536 1609 in
565 1544 719 1611 Africam
747 1547 839 1611 venit
863 1548 1186 1711 pqprmoccupatam.

137 1640 229 1706 Hinc
253 1641 288 1705 in
308 1641 488 1730 Ligarium
506 1647 635 1710 crimen
653 1648 769 1723 oritur,
788 1648 843 1711 vel
859 1649 888 1711 ir
927 1650 1049 1733 potius.
1092 1650 1188 1714 Nam

136 1742 162 1805 si
181 1742 310 1806 crimen
328 1757 378 1808 est
399 1745 531 1833 [illum]
551 1746 712 1821 voluisse,
731 1768 799 1810 non
818 1747 930 1812 minus
948 1770 1113 1837 magnum
1137 1761 1189 1815 est

135 1864 195 1906 vos
219 1841 388 1920 Africam,
408 1866 522 1909 arcem
547 1845 699 1909 omniurn
723 1846 989 1929 provinciarum,
1008 1859 1124 1913 natam
1142 1850 1188 1914 ad

135 1944 263 2007 bellum
289 1955 405 2009 contra
428 1949 518 2011 hanc
543 1946 662 2010 urbem
689 1945 896 2032 gerundum,
915 1947 1066 2013 obtinere
1090 1951 1188 2014 volu-

135 2043 214 2118 isse,
234 2065 339 2130 quam
357 2046 504 2132 aliquem
522 2067 559 2109 se
577 2046 750 2110 maluisse.
799 2044 913 2131 Atque
933 2046 961 2126 is
986 2058 1099 2113 tamen
1124 2051 1188 2113 ali·

135 2143 211 2229 quis
241 2143 404 2230 Ligarius
430 2167 499 2209 non
528 2145 598 2209 suit.
640 2144 796 2229 vVarusi
834 2145 967 2228 perium
995 2170 1032 2212 se
1057 2149 1187 2215 habere
1218 2139 1270 2237 Γ
1318 2178 1324 2185 ’

135 2245 290 2309 dicebat:
322 2245 424 2310 fascis
442 2256 531 2309 certe
547 2245 707 2308 habebat.
755 2168 897 2408 nauem
922 2268 1058 2332 quoquo
1082 2249 1187 2314 modo
1237 2186 1270 2297 C

79 2336 81 2342 ⁸
135 2366 171 2408 se
203 2345 287 2409 illud
321 2330 552 2509 habet,?haec
582 2345 735 2429 querella
766 2345 822 2408 Tu
849 2365 919 2420 ero,
948 2358 1072 2422 vestra,
1102 2348 1187 2433 quid
1242 2355 1248 2373 ’

133 2445 246 2508 valet?
293 2445 457 2529 ‘Recepi
487 2445 520 2507 in
549 2434 759 2529 provinciam
788 2466 856 2509 non
886 2446 1028 2510 sumus?
1074 2445 1183 2531 Quid,

133 2544 161 2607 si
187 2544 327 2610 essetis?
373 2544 561 2610 Caesarine
584 2564 659 2607 eam
685 2544 836 2609 tradituri
862 2544 982 2620 fuistis,
1002 2567 1045 2609 an
1067 2560 1187 2612 contra

133 2643 321 2710 Caesarem
347 2644 530 2710 retenturi?
576 2663 655 2707 vnr.
681 2643 771 2708 Vide
799 2644 880 2729 quid
903 2644 1074 2735 licentiae,
1094 2645 1186 2712 Cae-

132 2746 317 2818 sar,·nobis
341 2757 398 2809 tua
415 2745 600 2810 liberalitas
622 2744 689 2818 det,
708 2744 763 2806 vel
780 2743 891 2827 potius
917 2745 1094 2810 audaciae.
1145 2747 1184 2811 Si

131 2846 344 2929 responderit
359 2845 513 2925 Tubero,
525 2844 695 2915 Africam,
708 2864 776 2927 quo
792 2833 932 2907 senatus
949 2865 1026 2907 eum
1041 2866 1185 2931 sorsque

130 2945 281 3018 miserat,
301 2944 359 3008 tibi
378 2955 507 3028 patrem
526 2966 624 3007 suum
644 2941 844 3006 traditurum
862 2943 979 3018 fuisse,
998 2966 1067 3008 non
1085 2946 1185 3010 dubi-

129 3044 209 3107 tabo
238 3043 330 3127 apud
360 3044 472 3127 ipsum
500 3053 546 3118 te,
566 3044 662 3133 cujus
694 3041 729 3106 id
762 3062 841 3105 eum
874 3041 987 3107 facere
1018 3042 1182 3121 interfuit,

130 3142 341 3228 gravissimis
358 3142 471 3207 verbis
488 3142 561 3229 ejus
579 3142 759 3206 consilium
785 3143 1050 3225 reprehendere.
1099 3143 1183 3209 Non

129 3242 234 3331 enim,
253 3243 281 3307 si
301 3243 360 3307 tibi
379 3264 419 3306 ea
436 3264 489 3306 res
507 3254 605 3329 grata
622 3242 752 3317 fuisset,
772 3253 861 3305 esset
879 3241 979 3305 etiarn
996 3244 1152 3326 probata.

93 3336 151 3437 31(
173 3359 221 3405 24.
245 3342 316 3407 Sed
334 3344 406 3430 jam
424 3343 489 3406 hoc
506 3352 610 3406 totum
628 3343 756 3416 omitt0,
776 3352 930 3405 nontam
948 3362 990 3406 ne
1007 3342 1183 3426 offendam
1339 3412 1345 3423 ,

129 3450 204 3504 tuas
222 3442 484 3525 patientissimas
503 3441 606 3516 auriS,
625 3462 729 3527 quarn
747 3462 789 3505 ne
806 3441 946 3505 Tubero
967 3442 1059 3526 quod
1083 3465 1184 3508 num·
1235 3442 1314 3529 ¹sto*

129 3561 233 3624 quam
258 3541 418 3627 cogitavit
446 3542 595 3605 facturus
627 3541 731 3605 fuisse
762 3540 929 3604 videatur.
979 3540 1235 3608 Veniebatis‘s

129 3639 233 3727 igitur
256 3641 291 3703 in
315 3640 483 3716 Africam,
503 3640 713 3726 provinciam
733 3661 838 3704 unam
857 3662 900 3703 ex
917 3639 1076 3726 Qubus
1102 3642 1184 3706 huic

128 3737 289 3805 victoriae
315 3741 461 3828 meme
485 3741 655 3828 infestam,
675 3739 708 3802 in
726 3761 794 3845 qpa
810 3751 883 3845 erat
892 3762 964 3831 fex
987 3741 1184 3824 potentissi-

129 3861 219 3914 mus,
237 3840 394 3903 inimicus
420 3839 499 3903 huic
516 3860 654 3926 causae,
674 3834 785 3902 aliena
803 3826 971 3914 imbutas,
991 3852 1183 3905 conventus

129 3938 217 4000 firmi
251 3948 349 4024 atque
383 3937 513 4024 magni.
579 3937 740 4021 Quaero:
781 3938 862 4024 quid
894 3938 1015 4001 facturi
1048 3939 1183 4005 fuistis?
