2572 4442
4 390 6 411 .
91 285 168 357 uas-J
322 284 597 375 Thanksgabtitg
616 294 651 352 to
674 280 734 357 the
759 284 864 352 Gods.
1059 303 1125 373 119

90 486 162 575 tatio]
186 486 231 551 ab
256 485 417 555 Lentulo
441 486 631 574 ceterisque
654 485 850 552 domesticis
873 486 1027 553 hostibus
1053 497 1125 550 tam

87 589 237 653 dementer
274 599 399 653 tantae
427 609 482 651 res
514 587 663 652 creditae
696 598 729 653 et
754 586 882 681 iffi&
910 598 944 652 et
970 586 1124 652 barbaris
1153 624 1158 633 ·

80 687 291 774 [commissae
311 687 467 775 litterae]
485 707 672 773 numquam
690 700 805 752 essent
820 686 1032 787 profecto,
1000 708 1063 751 nist
1055 686 1125 751 ab

75 787 117 851 dis
130 787 391 853 immortalibus
414 788 497 897 Q
509 799 623 852 tantae
649 758 816 900 affl
797 771 1020 850 econsilium
1036 796 1129 871 Q
1150 868 1160 877 .

72 897 226 1048 ereptum.
284 885 389 971 Qud
412 886 515 953 vero?
546 901 583 952 ut
606 888 763 952 homines
787 862 997 960 Galli,
920 907 964 950 ex
992 885 1125 950 civitate

71 988 149 1085 Q
165 998 315 1072 pacata,
333 1008 422 1074 quae
439 1008 527 1075 gens
543 1007 612 1051 una
630 999 733 1052 restat
748 1007 837 1072 quae
854 986 983 1051 bellum
1000 986 1127 1071 populo

4 1126 6 1161 ι
71 1083 223 1151 Romano
258 1087 385 1153 facere
416 1108 518 1173 posse
549 1097 583 1152 et
609 1107 678 1152 non
710 1087 860 1151 noller
827 1084 996 1250 Qu
1029 1106 1127 1170 spem

71 1183 180 1268 imperi
214 1206 263 1251 ac
298 1209 417 1252 rerum
449 1185 681 1250 maximarum
711 1186 800 1251 ultro
927 1183 1127 1270 apatriciis

4 1322 6 1337 ι
71 1282 264 1352 hominibus
291 1287 448 1352 oblatam
499 1306 517 1352 e
545 1286 577 1349 le
605 1296 713 1362 erent,
738 1295 955 1371 vestramque
983 1285 1128 1351 salutem

4 1384 6 1415 r
71 1382 131 1447 suis
147 1384 282 1475 Q
310 1396 571 1471 anteponerent,
590 1360 624 1450 id
640 1407 709 1450 non
726 1384 887 1451 divinitus
909 1405 983 1450 esse
1000 1383 1129 1471 Qum

70 1483 210 1564 putatis?
228 1485 441 1571 praesertim
455 1485 512 1571 qui
529 1506 591 1550 nos
608 1507 675 1550 non
692 1484 895 1571 pugnando,
911 1483 971 1549 sed
984 1484 1130 1549 tacendo

4 1588 5 1595 ’
71 1602 230 1666 superare
257 1583 457 1674 pgfflt?

109 1701 144 1746 Χ.
170 1701 223 1749 aa.
252 1672 445 1771 OEaffi‘ob
469 1706 555 1760 rem,
576 1682 742 1769 Quirites,
760 1681 922 1770 quoniam
948 1681 991 1746 ad
1015 1679 1131 1746 omnia

18 1776 23 1827 ἰ
34 1782 268 1873 pulvinaria
287 1784 493 1871 supplicatio
510 1785 647 1850 decreta
665 1795 727 1860 est,
743 1782 948 1848 celebratote
966 1780 1042 1845 illos
1058 1779 1132 1844 dies

18 1902 34 1963 j
54 1880 143 1946 «cum
161 1886 383 1976 conjugibus
408 1905 450 1951 ac
471 1884 587 1950 liberis
604 1883 737 1948 vestris.
758 1850 1001 1946 ’'lli'rfi‘r'nulti
1028 1900 1132 1964 saepe

72 1979 218 2052 honores
249 1988 307 2053 dis
332 1985 581 2051 immortalibus
604 1982 686 2073 justi
715 1981 820 2048 habiti
848 1992 927 2047 sunt
951 2001 993 2046 ac
1012 1979 1130 2056 debiti,

72 2082 126 2147 sed
159 2087 326 2170 profecto
353 2085 513 2174 justiores
544 2106 746 2172 numquam.
792 2081 910 2168 Erepti
934 2081 1026 2148 enirn
1051 2081 1132 2147 estis

74 2197 113 2243 ex
143 2186 394 2252 crudelissimo
426 2205 467 2249 ac
503 2184 694 2250 miserrimo
721 2184 886 2258 interitu3
921 2182 1026 2268 erepti
1058 2181 1132 2247 sine

72 2284 191 2361 caede,
212 2287 295 2353 sine
312 2284 496 2379 sanguine,
514 2285 588 2350 sine
615 2284 781 2360 exercitu,
800 2283 875 2350 sine
900 2282 1130 2348 dimicatione.

74 2374 201 2470 Togati
238 2408 298 2451 me
331 2407 399 2450 uno
426 2395 543 2472 togato
570 2385 659 2479 duce
694 2395 727 2450 et
758 2383 963 2469 imperatore
989 2381 1131 2447 vicistis.

74 2495 119 2545 2⁴·
141 2484 291 2552 Etenim
307 2484 549 2560 recordamini,
568 2482 735 2573 Quirites,
749 2483 861 2548 omnis
878 2482 987 2548 civilis
1003 2481 1135 2547 dissen-

78 2580 213 2661 siones:
243 2576 313 2652 non
340 2586 453 2652 solum⁴
478 2605 539 2650 eas
570 2605 658 2671 quas
686 2583 841 2660 audistis,
869 2583 929 2648 sed
957 2603 1016 2647 eas
1047 2601 1135 2667 quas

77 2699 212 2753 vosmet
243 2686 308 2772 ipsi
341 2685 542 2750 meministis
570 2695 672 2769 atque
698 2683 843 2748 vidistis.
892 2681 937 2746 L.
965 2681 1066 2747 Sulla
1091 2680 1154 2744 Ρ.-

80 2779 279 2871 Sulpicium
309 2785 499 2872 oppressit;
533 2782 651 2870 [ejecit
681 2802 726 2848 ex
758 2780 858 2867 urbe]
894 2780 937 2846 C.
968 2779 1134 2854 Marium,

80 2890 263 2954 custodem
289 2887 391 2974 hujus
419 2884 526 2958 urbis,
552 2883 743 2968 multosque
771 2880 865 2946 sortis
892 2879 984 2944 viros
1011 2879 1134 2964 partim

82 2982 181 3071 ejecit
214 3010 260 3053 ex
290 2986 439 3060 civitate,
472 2983 595 3070 partim
627 2981 808 3046 interemit.
872 2979 939 3045 Cn.
970 2977 1136 3044 Octavius

83 3092 204 3155 consul
234 3087 338 3153 armis
374 3085 506 3171 expulit
527 3106 570 3148 ex
594 3083 678 3147 urbe
714 3082 918 3169 conlegam:
943 3078 1053 3143 omnis
1080 3078 1137 3143 hic

84 3182 180 3255 locus
194 3178 327 3279 Q
343 3207 526 3270 corporum
544 3196 577 3248 et
589 3184 714 3248 civium
731 3182 901 3269 sanguine
918 3178 1134 3244 redundavit.

86 3282 270 3374 Superavit
285 3298 404 3371 postea
424 3283 538 3350 Cinna
562 3300 641 3348 cum
658 3281 793 3348 Mario:
818 3292 889 3345 tum
906 3301 1001 3354 vero,
1019 3280 1137 3344 claris·

89 3384 180 3459 simis
199 3387 281 3453 viris
306 3384 503 3459 intersectis,
522 3384 653 3451 lumina
679 3381 823 3447 civitatis
854 3380 1021 3446 exstincta
1048 3391 1135 3446 sunt.

89 3482 186 3556 Ultus
213 3499 265 3554 est
290 3485 392 3573 hujus
416 3482 578 3550 victoriae
609 3482 844 3547 crudelitatem
872 3480 991 3567 postea
1010 3479 1135 3545 Sulla:

91 3604 130 3651 ne
146 3589 213 3656 dici
239 3587 379 3675 quidem
403 3607 491 3670 opus
515 3594 567 3649 est
593 3592 721 3670 quanta
687 3581 969 3667 tadiminutione
994 3580 1133 3655 civium,

91 3696 121 3749 et
135 3700 276 3777 quanta
279 3685 474 3752 calamitate
490 3705 540 3748 rei
530 3683 727 3768 publicae.
777 3680 947 3747 Dissensit
963 3680 1016 3745 M.
1032 3680 1137 3764 Lepi·

92 3785 187 3856 dusa
204 3786 395 3855 clarissimo
421 3806 463 3851 ac
486 3782 716 3856 fortissimo
685 3804 758 3847 vtro
783 3779 837 3868 Q
856 3781 1002 3852 Catulo·
1028 3775 1155 3844 attulit

93 3901 253 3954 nontam
284 3886 392 3973 ipsius
423 3884 576 3950 interitus
604 3882 652 3947 rei
681 3882 839 3966 publicae
871 3885 999 3947 luctum
1032 3899 1136 3964 quam
1200 3946 1202 3949 ,

95 3999 289 4057 ceterorum.
406 3983 521 4072 Atque
538 3983 616 4049 illae
633 3993 748 4048 tamen
764 4003 884 4048 omnes
904 3978 1136 4048 dissensiones
