2760 4448
131 293 263 363 L12213²d
289 293 381 359 How
404 294 496 360 these
526 293 717 361 Treasures
740 318 805 361 are
827 295 971 362 Prr'zed.
1110 316 1155 383 49

125 495 163 569 id,
188 516 259 559 cum
290 504 358 558 tam
391 495 499 560 multa
530 517 575 560 ex
606 494 666 561 illo
698 494 784 560 mari
815 496 907 562 bella
938 495 1151 573 emerserint,
1252 574 1256 581 ,

123 606 178 659 tam
204 595 305 658 multa
333 616 434 678 porro
461 595 496 659 in
524 595 673 660 Pontum
701 596 836 661 invecta
863 597 942 671 sint,
968 617 1077 684 usque
1109 597 1153 662 ad

121 696 196 758 hanc
211 694 299 759 diem
317 694 487 781 integrum
505 695 775 782 inviolatumque
792 706 964 760 servatum
977 707 1037 761 est.
1075 695 1154 761 Hoc
1178 772 1181 777 ¹

120 794 249 867 tertium,
268 795 358 881 quod
384 806 457 858 erat
480 793 678 880 Syracusis,
696 795 789 881 quod
814 794 866 859 M.
886 794 1075 860 Marcellus
1100 816 1154 860 ar·

119 903 213 957 matus
240 906 272 958 et
299 893 407 958 victor
433 893 579 968 viderat,
609 894 702 979 quod
732 893 891 982 religioni
923 906 1152 971 concesserat,

118 993 192 1079 quod
211 993 303 1058 cives
329 1005 429 1079 atque
454 993 588 1059 incolae
614 993 825 1079 Syracusani
851 993 976 1068 colere,
998 994 1153 1059 advenae

116 1113 172 1155 non
194 1094 303 1158 solum
328 1093 452 1168 visere,
475 1114 594 1157 verum
619 1093 722 1158 etiam
747 1093 904 1159 venerari
927 1094 1095 1170 solebant,
1117 1093 1153 1159 id

115 1190 224 1257 Verres
249 1215 293 1257 ex
319 1193 448 1277 templo
466 1192 563 1279 Jovis
588 1192 733 1258 sustulit.
835 1181 839 1187 ’

118 1333 124 1343 -
149 1309 186 1355 rs.
208 1293 255 1358 Ut
279 1293 419 1377 saepius
444 1293 489 1357 ad
513 1292 721 1357 Marcellum
746 1304 910 1369 revertar,
931 1293 1078 1381 judices,
1102 1294 1153 1360 sic

115 1391 276 1457 habetote:
316 1394 432 1478 plures
463 1413 540 1457 esse
572 1413 592 1456 a
621 1391 851 1479 Syracusanis
878 1393 974 1459 istius
1003 1394 1152 1459 adventu

113 1491 193 1565 deos,
225 1514 331 1578 quam
369 1492 512 1556 victoria
544 1491 704 1556 Marcelli
738 1492 895 1558 homines
925 1493 1149 1558 desideratos.

114 1589 232 1656 Etenim
250 1594 310 1678 ille
323 1592 507 1678 requisisse
521 1593 622 1657 etiam
640 1592 764 1658 dicitur
776 1591 1022 1657 Archimedem
1039 1593 1149 1668 illum,

113 1712 230 1757 summo
258 1693 404 1779 ingenio
431 1691 606 1757 hominem
639 1713 680 1756 ac
712 1692 907 1778 disciplina,
937 1714 1040 1778 quem
1072 1713 1151 1756 cum

70 1862 73 1873 Ι
114 1792 247 1858 audisset
274 1790 505 1867 interfectum,
531 1793 735 1877 permoleste
760 1792 898 1856 tulisse:
931 1791 993 1856 iste
1021 1794 1149 1868 omnia,

112 1910 186 1974 quae
208 1892 400 1979 requisivit,
419 1913 488 1956 non
508 1903 544 1955 ut
560 1901 792 1967 conservaret,
810 1911 930 1956 verum
946 1902 983 1957 ut
999 1903 1152 1978 asporta·

113 2001 153 2053 ret
173 1992 360 2078 requisivit.

148 2108 215 2154 mx.
240 2109 284 2156 rr.
306 2091 386 2177 Jam
407 2091 465 2155 illa
485 2111 575 2177 quae
592 2090 721 2156 leviora
737 2090 943 2157 videbuntur
957 2091 1036 2159 ideo
1052 2113 1152 2179 prae·

113 2189 380 2277 teribo,—quod
418 2212 555 2256 mensas
588 2190 777 2277 Delphicas
808 2213 828 2257 e
860 2214 1044 2269 marmore,
1077 2214 1152 2258 cra·

112 2295 188 2354 teras
214 2313 258 2356 ex
291 2313 371 2355 aere
396 2290 659 2376 pulcherrimas,
684 2291 753 2354 vim
779 2292 966 2357 maximam
990 2314 1150 2358 vasorum

114 2385 355 2456 Corinthiorum
373 2412 417 2454 ex
433 2391 591 2455 omnibus
609 2391 752 2456 aedibus
768 2392 875 2456 sacris
892 2392 1030 2457 abstulit
1046 2392 1153 2480 Syra-

113 2489 199 2553 cusis,
247 2492 386 2577 Itaque,
408 2490 556 2578 judices,
580 2490 611 2554 ei
636 2490 694 2577 qui
712 2484 863 2577 hospites
879 2493 923 2556 ad
941 2513 981 2556 ea
998 2513 1086 2578 quae
1103 2492 1152 2555 vi-

114 2589 204 2653 senda
220 2602 303 2656 sunt
319 2591 429 2654 solent
445 2590 584 2664 ducere,
603 2602 636 2655 et
652 2612 758 2654 unum
783 2592 933 2678 quidque
957 2592 1150 2667 ostendere,

112 2705 182 2770 quos
204 2690 254 2755 illi
283 2701 507 2777 mystagogos
530 2700 668 2764 vocant,
696 2711 897 2767 conversam
923 2692 997 2778 jam
1025 2691 1153 2755 habent

113 2785 423 2856 demonstrationem
442 2792 553 2853 suani.
592 2787 699 2861 Nam,
714 2800 751 2853 ut
771 2801 849 2853 ante
874 2789 1153 2854 demonstrabant

113 2886 180 2968 quid
195 2891 326 2974 ubique
343 2900 443 2963 esset,
462 2891 543 2952 item
561 2908 654 2952 nunc
670 2887 752 2975 quid
768 2888 919 2975 undique
937 2889 1087 2952 ablatum
1111 2888 1154 2954 sit

113 2991 295 3055 ostendunt.
428 3069 430 3073 .
1063 3042 1068 3047 .

147 3102 182 3149 rs
207 3088 304 3173 Quid
320 3086 413 3152 tum?
446 3087 655 3153 mediocrine
672 3088 809 3177 tandem
828 3089 945 3154 dolore
962 3109 1020 3154 eos
1038 3088 1153 3153 adsec-

113 3192 154 3249 tos
173 3209 248 3253 esse
270 3186 502 3253 arbitramini?
550 3188 631 3253 Non
656 3189 702 3253 ita
727 3201 789 3263 est,
804 3188 960 3276 judices:
989 3189 1149 3275 primum,

114 3288 190 3366 quod
206 3309 327 3353 omnes
344 3288 512 3375 religione
535 3299 726 3363 moventur,
745 3300 779 3353 et
802 3290 885 3354 deos
908 3289 1048 3374 patrios,
1066 3312 1151 3376 quos

115 3388 334 3475 amajoribus
362 3399 583 3472 acceperunt,
615 3389 778 3454 colendos
810 3388 873 3453 sibi
906 3389 1088 3476 diligenter
1120 3403 1153 3455 et

114 3483 295 3552 retinendos
313 3508 388 3552 esse
406 3487 634 3551 arbitrantur:
662 3487 788 3553 deinde
813 3487 869 3552 hic
892 3499 1045 3563 ornatus,
1065 3490 1152 3554 haec

116 3599 205 3663 opera
233 3597 335 3672 atque
363 3586 519 3661 artificia,
542 3587 656 3674 signa,
681 3587 819 3652 tabulae
848 3574 972 3672 pictae,
998 3588 1151 3653 Graecos

117 3676 257 3751 homines
285 3686 391 3751 nimio
419 3707 522 3771 opere
550 3687 733 3751 delectant.
798 3687 915 3772 Itaque
945 3709 988 3752 ex
1016 3688 1151 3751 illorum

118 3784 321 3860 querimoniis
345 3786 546 3873 intellegere
574 3807 769 3871 possumus,
795 3787 882 3851 haec
910 3786 976 3852 illis
1005 3785 1152 3850 acerbis-

118 3875 190 3946 sima
208 3885 329 3960 videri,
351 3906 440 3971 quae
459 3885 600 3950 forsitan
621 3884 719 3949 nobis
739 3885 828 3949 levia
848 3896 881 3950 et
900 3883 1152 3950 contemnenda

119 3993 182 4046 esse
195 3985 385 4050 videantur.
435 3984 525 4049 Mihi
547 3985 688 4060 credite,
703 3985 851 4074 judices.
863 3981 1051 4049 -tametsi
1073 4002 1151 4046 vos-
