2722 4438
258 231 320 299 168
506 233 653 300 Cae'cero’s
675 233 784 300 Exilc
806 234 881 298 and
900 234 1056 299 Return.
1154 229 1288 319 ism&

254 450 294 498 sl.
319 433 432 520 Atque
456 434 513 500 hic
538 444 585 500 tot
610 446 643 500 et
664 435 782 500 talium
800 434 924 501 civium
942 434 1096 523 squalor,
1112 435 1168 499 hic
1183 436 1291 512 luctus,

255 537 322 598 hae
339 535 457 600 sordes
473 547 652 620 susceptae
669 547 747 600 sunt
763 551 900 622 propter
917 558 1026 600 unum
1045 556 1120 599 me:
1153 536 1231 623 quia
1251 560 1293 601 me

256 633 493 708 defenderunt,
512 635 592 720 quia
613 657 726 700 meum
751 657 869 701 casum
893 637 1096 723 luctumque
1121 636 1292 712 doluerunt,
1314 664 1315 689 t

256 733 337 820 quia
369 755 423 798 me
451 734 583 822 lugenti
615 736 758 821 patriae,
785 736 954 825 flagitanti
984 735 1136 811 senatui,
1163 737 1294 821 poscenti

256 833 390 908 Italiae,
413 833 511 898 vobis
535 837 694 900 omnibus
719 838 894 903 orantibus
920 837 1162 903 reddiderunt.
1212 834 1295 918 Quod

256 944 387 998 tantum
404 945 456 998 est
471 934 505 998 in
523 957 578 1000 me
594 935 729 1001 scelus?
765 936 860 1021 Qud
876 948 969 1003 tanto
987 958 1097 1022 opere
1116 934 1242 1021 deliqui
1255 936 1296 998 illo

258 1034 326 1109 die,
349 1053 426 1097 cum
452 1035 496 1099 ad
513 1057 573 1117 vos
589 1037 729 1112 indicia,
748 1037 889 1114 litteras,
908 1038 1151 1104 confessiones
1169 1056 1296 1099 commu·

258 1133 312 1198 nis
329 1133 409 1198 exiti
427 1135 544 1212 detuli,
563 1158 642 1202 cum
659 1138 756 1222 parui
773 1137 892 1205 vobis?
940 1137 995 1203 Ac
1013 1138 1044 1203 si
1063 1136 1245 1202 scelestum
1262 1144 1296 1196 est

260 1254 374 1298 amare
392 1236 550 1319 patriam,
563 1239 684 1323 pertuli
701 1260 890 1324 poenarum
907 1239 1002 1304 satis.
1045 1237 1182 1302 Eversa
1199 1235 1294 1299 domus

259 1345 322 1410 est,
345 1334 500 1401 fortunae
523 1350 681 1413 vexatae,
703 1339 856 1425 dissipati
881 1339 992 1412 liberi,
1015 1348 1157 1422 raptata
1182 1333 1293 1420 conjux,

260 1434 363 1499 frater
396 1437 558 1521 optimus,
591 1438 783 1504 incredibili
820 1439 957 1524 pietate,
992 1460 1117 1502 amore
1155 1432 1291 1503 inaudito,

260 1536 412 1601 maximo
441 1537 474 1601 in
500 1539 657 1624 squalore
681 1540 851 1603 volutatus
875 1550 926 1604 est
950 1539 994 1603 ad
1019 1538 1134 1623 pedes
1160 1531 1289 1598 inimicis

261 1637 437 1701 simorum.
502 1637 579 1725 Ego
623 1639 741 1723 pulsus
781 1638 861 1713 aris,
899 1638 996 1714 socis,
1032 1638 1090 1703 dis
1123 1633 1285 1721 penatibus

262 1738 442 1802 distractus
474 1759 494 1802 a
526 1739 624 1814 meis,
652 1739 746 1803 carui
777 1739 899 1824 patria,
925 1760 1046 1825 quam,
1077 1749 1118 1802 ut
1150 1732 1289 1799 levissime

261 1838 388 1913 dicam,
413 1850 503 1903 certe
525 1839 736 1904 dilexeram:
763 1839 886 1924 pertuli
905 1840 1148 1903 crudelitatem
1170 1830 1291 1899 inimico

261 1959 349 2012 rum,
376 1940 488 2003 scelus
512 1939 713 2013 infidelium,
735 1938 890 2002 fraudem
915 1938 1128 2002 invidorum.
1314 1976 1315 2011 r

305 2056 351 2101 sa.
376 2036 414 2102 Si
439 2038 505 2103 hoc
529 2060 596 2101 non
614 2050 665 2102 est
680 2038 774 2113 satis,
793 2038 884 2124 quod
902 2037 1127 2102 haecomnia
1146 2034 1249 2100 deleta
1260 2024 1294 2089 vi·

263 2138 384 2203 dentur
408 2137 517 2202 reditu
538 2150 628 2211 meo,
647 2138 752 2201 multo
772 2137 868 2213 mihi,
887 2138 994 2202 multo
1013 2133 1214 2224 (inquam),
1226 2124 1292 2219 judi·

262 2258 334 2313 ces,
350 2248 498 2323 praestat
514 2237 549 2300 in
567 2238 712 2301 eandem
729 2238 825 2300 illam
841 2237 994 2302 recidere
1011 2236 1201 2308 fortunam,
1214 2245 1292 2316 quum

262 2349 392 2402 tantam
409 2337 592 2422 importare
610 2336 696 2401 meis
713 2336 949 2402 defensoribus
966 2348 998 2401 et
1017 2329 1291 2402 conservatoribus
1313 2324 1314 2343 ¹

264 2439 505 2502 calamitatem.
555 2436 613 2502 An
641 2459 707 2523 ego
735 2437 770 2501 in
799 2438 864 2501 hac
888 2438 971 2501 urbe
996 2458 1073 2502 esse
1098 2433 1238 2522 possim,
1256 2423 1293 2488 hit

263 2539 370 2623 pulsis
393 2538 450 2625 qui
472 2560 526 2603 me
548 2537 649 2627 hujus
674 2537 767 2602 urbis
796 2548 986 2622 compotem
1011 2532 1192 2601 fecerunt?
1233 2526 1291 2607 Νθῐ1

263 2663 333 2716 ero,
361 2663 430 2706 non
459 2652 575 2727 potero
603 2660 691 2711 esse,
715 2637 862 2726 judices
911 2636 1035 2722 Neque
1064 2637 1124 2702 hic
1155 2643 1313 2716 umquam

264 2764 360 2827 puer,
380 2741 508 2828 quibis
525 2739 676 2804 lacrimis
692 2759 759 2824 qua
784 2738 827 2802 sit
850 2736 974 2822 pietate
999 2737 1166 2811 declarat,
1191 2727 1290 2795 amisso
1312 2702 1313 2789 l

261 2858 356 2932 patre
380 2866 441 2909 suo
467 2853 603 2927 propter
627 2862 694 2914 me,
719 2838 908 2950 meipsum
934 2836 1144 2901 incolumem
1168 2824 1289 2898 videtin

262 2969 326 3012 nec
343 2944 646 3056 quotienscumque
663 2960 718 3003 me
734 2936 868 3011 viderit,
887 2932 1100 3023 ingemescet
1120 2957 1163 3000 ac
1185 2939 1289 3019 pestem

262 3069 358 3112 suam
382 3068 423 3111 ac
446 3043 550 3130 patris
571 3041 622 3106 sui
643 3061 678 3104 se
701 3039 791 3104 dicet
814 3036 942 3101 videre
992 3034 1069 3124 Ego
1086 3058 1168 3102 vero
1193 3034 1249 3097 hos
1267 3022 1312 3084 in

261 3148 353 3212 omni
386 3147 534 3212 fortuna
563 3159 801 3228 quaecumque
833 3136 895 3201 erit
926 3136 1054 3210 oblata,
1083 3135 1289 3220 complectart

261 3269 326 3311 nec
355 3268 409 3310 me
438 3247 482 3310 ab
510 3242 559 3308 eis
586 3263 672 3327 quos
701 3261 777 3304 meo
804 3236 942 3303 nomine
970 3236 1161 3301 sordidatos
1191 3221 1311 3296 videtis

260 3367 424 3433 umquam
449 3346 519 3410 ulla
544 3342 677 3408 fortuna
707 3339 864 3411 divellet3
905 3357 1016 3422 neque
1049 3357 1110 3400 eae
1142 3333 1288 3400 nationes,

261 3445 384 3529 quibus
402 3468 455 3510 me
472 3455 609 3511 senatus
627 3437 892 3512 commendavit,
910 3436 1033 3522 quibus
1050 3436 1092 3500 de
1110 3458 1164 3499 me
1183 3424 1289 3521 gratias

261 3543 343 3631 egit,
363 3545 455 3608 hunc
471 3545 625 3610 exsulem
643 3553 781 3628 propter
797 3560 851 3604 me
869 3536 942 3603 sine
959 3558 1014 3602 me
1030 3536 1203 3600 videbunt
1309 3610 1310 3669 1
