<?xml version="1.0" encoding="UTF-8"?>
<!DOCTYPE html PUBLIC "-//W3C//DTD XHTML 1.0 Transitional//EN"
    "http://www.w3.org/TR/xhtml1/DTD/xhtml1-transitional.dtd">
<html xmlns="http://www.w3.org/1999/xhtml" xml:lang="en" lang="en">
 <head>
  <title>
</title>
<meta http-equiv="Content-Type" content="text/html;charset=utf-8" />
  <meta name='ocr-system' content='tesseract 3.04.00' />
  <meta name='ocr-capabilities' content='ocr_page ocr_carea ocr_par ocr_line ocrx_word'/>
</head>
<body>
  <div class='ocr_page' id='page_1' title='image "./selectorationsc02greegoog_0116.png"; bbox 0 0 2572 4442; ppageno 0'>
   <div class='ocr_carea' id='block_1_1' title="bbox 93 297 1173 403">
    <p class='ocr_par' dir='ltr' id='par_1_1' title="bbox 93 297 1173 403">
     <span class='ocr_line' id='line_1_1' title="bbox 93 297 1173 403; baseline 0.023 -53"><span class='ocrx_word' id='word_1_1' title='bbox 93 310 168 403; x_wconf 72' lang='lat' dir='ltr'>vrm</span> <span class='ocrx_word' id='word_1_2' title='bbox 182 297 240 370; x_wconf 88' lang='lat'><strong>29.]</strong></span> <span class='ocrx_word' id='word_1_3' title='bbox 314 361 319 371; x_wconf 72' lang='grc'><strong>,</strong></span> <span class='ocrx_word' id='word_1_4' title='bbox 345 297 491 387; x_wconf 77' lang='lat' dir='ltr'>Appeal</span> <span class='ocrx_word' id='word_1_5' title='bbox 510 303 559 387; x_wconf 67' lang='lat' dir='ltr'>aff</span> <span class='ocrx_word' id='word_1_6' title='bbox 572 301 628 365; x_wconf 79' lang='lat' dir='ltr'>the</span> <span class='ocrx_word' id='word_1_7' title='bbox 657 301 960 369; x_wconf 71' lang='lat' dir='ltr'>Commonwealtb.</span> <span class='ocrx_word' id='word_1_8' title='bbox 1131 317 1173 391; x_wconf 88' lang='grc'>95</span> 
     </span>
    </p>
   </div>
   <div class='ocr_carea' id='block_1_2' title="bbox 74 500 1177 2288">
    <p class='ocr_par' dir='ltr' id='par_1_2' title="bbox 113 500 1177 2288">
     <span class='ocr_line' id='line_1_2' title="bbox 113 500 1176 589; baseline 0.005 -25"><span class='ocrx_word' id='word_1_9' title='bbox 113 521 225 587; x_wconf 85' lang='lat' dir='ltr'>prope</span> <span class='ocrx_word' id='word_1_10' title='bbox 246 500 377 589; x_wconf 87' lang='lat' dir='ltr'>justam</span> <span class='ocrx_word' id='word_1_11' title='bbox 396 500 528 587; x_wconf 85' lang='lat' dir='ltr'>patriae</span> <span class='ocrx_word' id='word_1_12' title='bbox 547 501 796 588; x_wconf 83' lang='lat' dir='ltr'>querimoniam</span> <span class='ocrx_word' id='word_1_13' title='bbox 820 504 966 568; x_wconf 83' lang='lat' dir='ltr'>detester</span> <span class='ocrx_word' id='word_1_14' title='bbox 989 524 1031 570; x_wconf 92' lang='lat' dir='ltr'>ac</span> <span class='ocrx_word' id='word_1_15' title='bbox 1054 503 1176 589; x_wconf 88' lang='lat' dir='ltr'>depre-</span> 
     </span>
     <span class='ocr_line' id='line_1_3' title="bbox 113 601 1176 713; baseline 0.004 -48"><span class='ocrx_word' id='word_1_16' title='bbox 113 622 186 677; x_wconf 90' lang='lat' dir='ltr'>cer,</span> <span class='ocrx_word' id='word_1_17' title='bbox 214 601 396 712; x_wconf 81' lang='lat' dir='ltr'>percipite,</span> <span class='ocrx_word' id='word_1_18' title='bbox 422 622 564 713; x_wconf 57' lang='lat' dir='ltr'>Q,</span> <span class='ocrx_word' id='word_1_19' title='bbox 591 602 775 689; x_wconf 55' lang='lat' dir='ltr'>dstimter</span> <span class='ocrx_word' id='word_1_20' title='bbox 801 623 890 689; x_wconf 86' lang='lat' dir='ltr'>quae</span> <span class='ocrx_word' id='word_1_21' title='bbox 917 603 1044 694; x_wconf 32' lang='grc' dir='ltr'>ἀξια-Ψ,</span> <span class='ocrx_word' id='word_1_22' title='bbox 1069 616 1103 669; x_wconf 91' lang='lat' dir='ltr'>et</span> <span class='ocrx_word' id='word_1_23' title='bbox 1133 625 1176 668; x_wconf 84' lang='lat' dir='ltr'>ea</span> 
     </span>
     <span class='ocr_line' id='line_1_4' title="bbox 113 700 1175 812; baseline 0.005 -49"><span class='ocrx_word' id='word_1_24' title='bbox 113 701 256 812; x_wconf 86' lang='lat' dir='ltr'>penitus</span> <span class='ocrx_word' id='word_1_25' title='bbox 274 700 398 764; x_wconf 90' lang='lat' dir='ltr'>animis</span> <span class='ocrx_word' id='word_1_26' title='bbox 414 700 536 765; x_wconf 88' lang='lat' dir='ltr'>vestris</span> <span class='ocrx_word' id='word_1_27' title='bbox 552 701 791 788; x_wconf 87' lang='lat' dir='ltr'><strong>mentibusque</strong></span> <span class='ocrx_word' id='word_1_28' title='bbox 816 702 1005 778; x_wconf 57' lang='lat' dir='ltr'>mandates</span> <span class='ocrx_word' id='word_1_29' title='bbox 1038 702 1175 768; x_wconf 82' lang='lat' dir='ltr'><strong>Etenim</strong></span> 
     </span>
     <span class='ocr_line' id='line_1_5' title="bbox 113 799 1173 893; baseline 0.002 -28"><span class='ocrx_word' id='word_1_30' title='bbox 113 801 141 865; x_wconf 92' lang='lat' dir='ltr'>si</span> <span class='ocrx_word' id='word_1_31' title='bbox 160 821 303 865; x_wconf 89' lang='lat' dir='ltr'>mecum</span> <span class='ocrx_word' id='word_1_32' title='bbox 320 799 442 884; x_wconf 78' lang='lat' dir='ltr'>patria,</span> <span class='ocrx_word' id='word_1_33' title='bbox 461 821 550 886; x_wconf 89' lang='lat' dir='ltr'>quae</span> <span class='ocrx_word' id='word_1_34' title='bbox 568 801 701 865; x_wconf 86' lang='lat' dir='ltr'>mihir</span> <span class='ocrx_word' id='word_1_35' title='bbox 668 801 738 888; x_wconf 62' lang='lat' dir='ltr'>um</span> <span class='ocrx_word' id='word_1_36' title='bbox 754 822 832 867; x_wconf 90' lang='lat' dir='ltr'>mea</span> <span class='ocrx_word' id='word_1_37' title='bbox 853 803 958 866; x_wconf 90' lang='lat' dir='ltr'>multo</span> <span class='ocrx_word' id='word_1_38' title='bbox 977 814 1028 867; x_wconf 90' lang='lat' dir='ltr'>est</span> <span class='ocrx_word' id='word_1_39' title='bbox 1050 803 1173 893; x_wconf 85' lang='lat' dir='ltr'>carior,</span> 
     </span>
     <span class='ocr_line' id='line_1_6' title="bbox 114 874 1173 991; baseline 0.002 -26"><span class='ocrx_word' id='word_1_40' title='bbox 114 900 141 965; x_wconf 90' lang='lat' dir='ltr'>si</span> <span class='ocrx_word' id='word_1_41' title='bbox 167 911 295 964; x_wconf 87' lang='lat' dir='ltr'>cuncta</span> <span class='ocrx_word' id='word_1_42' title='bbox 261 899 476 974; x_wconf 65' lang='lat' dir='ltr'>uitalia,</span> <span class='ocrx_word' id='word_1_43' title='bbox 450 921 479 965; x_wconf 76' lang='grc' dir='ltr'>ιι</span> <span class='ocrx_word' id='word_1_44' title='bbox 500 901 612 965; x_wconf 90' lang='lat' dir='ltr'>omnis</span> <span class='ocrx_word' id='word_1_45' title='bbox 634 922 688 966; x_wconf 85' lang='lat' dir='ltr'>res</span> <span class='ocrx_word' id='word_1_46' title='bbox 711 902 919 986; x_wconf 90' lang='lat' dir='ltr'>publica‚o</span> <span class='ocrx_word' id='word_1_47' title='bbox 866 874 1064 991; x_wconf 62' lang='lat' dir='ltr'>Qu:</span> <span class='ocrx_word' id='word_1_48' title='bbox 1098 902 1173 967; x_wconf 69' lang='grc' dir='ltr'>ιΜ.</span> 
     </span>
     <span class='ocr_line' id='line_1_7' title="bbox 113 997 1176 1088; baseline 0.003 -24.026"><span class='ocrx_word' id='word_1_49' title='bbox 113 1001 227 1075; x_wconf 82' lang='lat' dir='ltr'>fulli,</span> <span class='ocrx_word' id='word_1_50' title='bbox 246 999 330 1086; x_wconf 92' lang='lat' dir='ltr'>quid</span> <span class='ocrx_word' id='word_1_51' title='bbox 347 997 445 1088; x_wconf 84' lang='lat' dir='ltr'>agis?</span> <span class='ocrx_word' id='word_1_52' title='bbox 491 1001 593 1064; x_wconf 90' lang='lat' dir='ltr'>Tune</span> <span class='ocrx_word' id='word_1_53' title='bbox 611 1022 703 1076; x_wconf 90' lang='lat' dir='ltr'>eum,</span> <span class='ocrx_word' id='word_1_54' title='bbox 720 1022 823 1087; x_wconf 90' lang='lat' dir='ltr'>quem</span> <span class='ocrx_word' id='word_1_55' title='bbox 842 1023 917 1067; x_wconf 90' lang='lat' dir='ltr'>esse</span> <span class='ocrx_word' id='word_1_56' title='bbox 935 1004 1011 1069; x_wconf 87' lang='lat' dir='ltr'>host</span> <span class='ocrx_word' id='word_1_57' title='bbox 999 1014 1067 1068; x_wconf 87' lang='lat' dir='ltr'>tem</span> <span class='ocrx_word' id='word_1_58' title='bbox 1083 1022 1176 1068; x_wconf 89' lang='lat' dir='ltr'>com·</span> 
     </span>
     <span class='ocr_line' id='line_1_8' title="bbox 115 1101 1176 1190; baseline 0.003 -24"><span class='ocrx_word' id='word_1_59' title='bbox 115 1101 249 1187; x_wconf 90' lang='lat' dir='ltr'>peristi,</span> <span class='ocrx_word' id='word_1_60' title='bbox 264 1123 368 1187; x_wconf 89' lang='lat' dir='ltr'>quem</span> <span class='ocrx_word' id='word_1_61' title='bbox 385 1102 508 1166; x_wconf 92' lang='lat' dir='ltr'>ducem</span> <span class='ocrx_word' id='word_1_62' title='bbox 525 1101 606 1166; x_wconf 91' lang='lat' dir='ltr'>belli</span> <span class='ocrx_word' id='word_1_63' title='bbox 623 1101 775 1167; x_wconf 80' lang='lat' dir='ltr'>futurum</span> <span class='ocrx_word' id='word_1_64' title='bbox 788 1103 897 1177; x_wconf 90' lang='lat' dir='ltr'>vides,</span> <span class='ocrx_word' id='word_1_65' title='bbox 913 1125 1014 1189; x_wconf 89' lang='lat' dir='ltr'>quem</span> <span class='ocrx_word' id='word_1_66' title='bbox 1032 1124 1176 1190; x_wconf 87' lang='lat' dir='ltr'>exspec-</span> 
     </span>
     <span class='ocr_line' id='line_1_9' title="bbox 115 1201 1175 1293; baseline 0.004 -27"><span class='ocrx_word' id='word_1_67' title='bbox 115 1202 181 1266; x_wconf 86' lang='lat' dir='ltr'>tari</span> <span class='ocrx_word' id='word_1_68' title='bbox 206 1202 449 1288; x_wconf 85' lang='lat' dir='ltr'>imperatorem</span> <span class='ocrx_word' id='word_1_69' title='bbox 473 1201 509 1266; x_wconf 90' lang='lat' dir='ltr'>in</span> <span class='ocrx_word' id='word_1_70' title='bbox 533 1202 653 1266; x_wconf 90' lang='lat' dir='ltr'>castris</span> <span class='ocrx_word' id='word_1_71' title='bbox 678 1203 827 1268; x_wconf 91' lang='lat' dir='ltr'>hostiurn</span> <span class='ocrx_word' id='word_1_72' title='bbox 858 1204 976 1293; x_wconf 70' lang='lat' dir='ltr'>sentis,</span> <span class='ocrx_word' id='word_1_73' title='bbox 1001 1216 1175 1270; x_wconf 85' lang='lat' dir='ltr'><strong>auctorem</strong></span> 
     </span>
     <span class='ocr_line' id='line_1_10' title="bbox 115 1301 1176 1389; baseline 0.001 -22"><span class='ocrx_word' id='word_1_74' title='bbox 115 1301 273 1377; x_wconf 85' lang='lat' dir='ltr'>sceleris,</span> <span class='ocrx_word' id='word_1_75' title='bbox 289 1301 479 1387; x_wconf 88' lang='lat' dir='ltr'>principem</span> <span class='ocrx_word' id='word_1_76' title='bbox 496 1301 753 1389; x_wconf 86' lang='lat' dir='ltr'>conjurationis,</span> <span class='ocrx_word' id='word_1_77' title='bbox 767 1315 982 1368; x_wconf 87' lang='lat' dir='ltr'>evocatorem</span> <span class='ocrx_word' id='word_1_78' title='bbox 999 1325 1176 1370; x_wconf 88' lang='lat' dir='ltr'>servorum</span> 
     </span>
     <span class='ocr_line' id='line_1_11' title="bbox 116 1402 1175 1488; baseline 0.002 -22"><span class='ocrx_word' id='word_1_79' title='bbox 116 1414 151 1466; x_wconf 90' lang='lat' dir='ltr'>et</span> <span class='ocrx_word' id='word_1_80' title='bbox 179 1402 307 1467; x_wconf 90' lang='lat' dir='ltr'>civium</span> <span class='ocrx_word' id='word_1_81' title='bbox 339 1402 562 1488; x_wconf 89' lang='lat' dir='ltr'>perditorum,</span> <span class='ocrx_word' id='word_1_82' title='bbox 588 1402 682 1467; x_wconf 89' lang='lat' dir='ltr'>exire</span> <span class='ocrx_word' id='word_1_83' title='bbox 714 1403 856 1488; x_wconf 63' lang='lat' dir='ltr'>patiere,</span> <span class='ocrx_word' id='word_1_84' title='bbox 881 1416 919 1467; x_wconf 91' lang='lat' dir='ltr'>ut</span> <span class='ocrx_word' id='word_1_85' title='bbox 949 1404 1011 1468; x_wconf 90' lang='lat' dir='ltr'>abs</span> <span class='ocrx_word' id='word_1_86' title='bbox 1041 1416 1074 1469; x_wconf 91' lang='lat' dir='ltr'>te</span> <span class='ocrx_word' id='word_1_87' title='bbox 1106 1425 1175 1468; x_wconf 90' lang='lat' dir='ltr'>non</span> 
     </span>
     <span class='ocr_line' id='line_1_12' title="bbox 116 1502 1175 1577; baseline 0 -11"><span class='ocrx_word' id='word_1_88' title='bbox 116 1502 267 1568; x_wconf 91' lang='lat' dir='ltr'>emissus</span> <span class='ocrx_word' id='word_1_89' title='bbox 284 1523 328 1567; x_wconf 87' lang='lat' dir='ltr'>ex</span> <span class='ocrx_word' id='word_1_90' title='bbox 344 1503 441 1577; x_wconf 88' lang='lat' dir='ltr'>urbe,</span> <span class='ocrx_word' id='word_1_91' title='bbox 460 1503 521 1567; x_wconf 89' lang='lat' dir='ltr'>sed</span> <span class='ocrx_word' id='word_1_92' title='bbox 538 1502 711 1568; x_wconf 88' lang='lat' dir='ltr'>immissus</span> <span class='ocrx_word' id='word_1_93' title='bbox 728 1502 762 1567; x_wconf 90' lang='lat' dir='ltr'>in</span> <span class='ocrx_word' id='word_1_94' title='bbox 777 1504 896 1567; x_wconf 88' lang='lat' dir='ltr'>urbem</span> <span class='ocrx_word' id='word_1_95' title='bbox 909 1524 984 1568; x_wconf 88' lang='lat' dir='ltr'>esse</span> <span class='ocrx_word' id='word_1_96' title='bbox 997 1502 1175 1568; x_wconf 89' lang='lat' dir='ltr'>videatur?</span> 
     </span>
     <span class='ocr_line' id='line_1_13' title="bbox 116 1602 1176 1687; baseline -0.003 -18"><span class='ocrx_word' id='word_1_97' title='bbox 116 1603 202 1669; x_wconf 91' lang='lat' dir='ltr'>Non</span> <span class='ocrx_word' id='word_1_98' title='bbox 229 1604 320 1666; x_wconf 88' lang='lat' dir='ltr'>hunc</span> <span class='ocrx_word' id='word_1_99' title='bbox 343 1602 379 1667; x_wconf 89' lang='lat' dir='ltr'>in</span> <span class='ocrx_word' id='word_1_100' title='bbox 402 1602 542 1687; x_wconf 82' lang='lat' dir='ltr'>vincula</span> <span class='ocrx_word' id='word_1_101' title='bbox 565 1602 657 1677; x_wconf 89' lang='lat' dir='ltr'>duci,</span> <span class='ocrx_word' id='word_1_102' title='bbox 679 1624 748 1667; x_wconf 92' lang='lat' dir='ltr'>non</span> <span class='ocrx_word' id='word_1_103' title='bbox 773 1604 818 1667; x_wconf 87' lang='lat' dir='ltr'>ad</span> <span class='ocrx_word' id='word_1_104' title='bbox 838 1614 979 1667; x_wconf 90' lang='lat' dir='ltr'>mortem</span> <span class='ocrx_word' id='word_1_105' title='bbox 1001 1603 1087 1686; x_wconf 90' lang='lat' dir='ltr'>rapi,</span> <span class='ocrx_word' id='word_1_106' title='bbox 1106 1624 1176 1666; x_wconf 90' lang='grc' dir='ltr'>ιιοιι</span> 
     </span>
     <span class='ocr_line' id='line_1_14' title="bbox 117 1701 1176 1798; baseline -0.005 -29"><span class='ocrx_word' id='word_1_107' title='bbox 117 1724 256 1789; x_wconf 60' lang='lat' dir='ltr'>sum-mo</span> <span class='ocrx_word' id='word_1_108' title='bbox 280 1702 448 1798; x_wconf 62' lang='lat' dir='ltr'>supplicio</span> <span class='ocrx_word' id='word_1_109' title='bbox 477 1702 617 1766; x_wconf 86' lang='lat' dir='ltr'>mactari</span> <span class='ocrx_word' id='word_1_110' title='bbox 648 1701 858 1786; x_wconf 87' lang='lat' dir='ltr'>imperabis?</span> <span class='ocrx_word' id='word_1_111' title='bbox 904 1719 951 1766; x_wconf 71' lang='lat' dir='ltr'>aa.</span> <span class='ocrx_word' id='word_1_112' title='bbox 976 1701 1071 1787; x_wconf 69' lang='lat' dir='ltr'>Quid</span> <span class='ocrx_word' id='word_1_113' title='bbox 1102 1712 1176 1764; x_wconf 91' lang='lat' dir='ltr'>tan-</span> 
     </span>
     <span class='ocr_line' id='line_1_15' title="bbox 117 1799 1175 1914; baseline -0.005 -45"><span class='ocrx_word' id='word_1_114' title='bbox 117 1806 198 1869; x_wconf 90' lang='lat' dir='ltr'>dem</span> <span class='ocrx_word' id='word_1_115' title='bbox 217 1815 249 1867; x_wconf 89' lang='lat' dir='ltr'>te</span> <span class='ocrx_word' id='word_1_116' title='bbox 265 1824 312 1866; x_wconf 85' lang='lat' dir='ltr'>un</span> <span class='ocrx_word' id='word_1_117' title='bbox 340 1802 430 1867; x_wconf 82' lang='lat' dir='ltr'>edit?</span> <span class='ocrx_word' id='word_1_118' title='bbox 462 1801 588 1867; x_wconf 89' lang='lat' dir='ltr'>Mosne</span> <span class='ocrx_word' id='word_1_119' title='bbox 604 1799 795 1914; x_wconf 81' lang='lat' dir='ltr'>majorum?</span> <span class='ocrx_word' id='word_1_120' title='bbox 825 1800 873 1866; x_wconf 87' lang='lat' dir='ltr'>At</span> <span class='ocrx_word' id='word_1_121' title='bbox 888 1823 1056 1914; x_wconf 84' lang='lat' dir='ltr'>persaepe</span> <span class='ocrx_word' id='word_1_122' title='bbox 1073 1802 1175 1866; x_wconf 90' lang='lat' dir='ltr'>etiam</span> 
     </span>
     <span class='ocr_line' id='line_1_16' title="bbox 74 1802 1176 1990; baseline -0.002 -22.919"><span class='ocrx_word' id='word_1_123' title='bbox 74 1903 243 1990; x_wconf 91' lang='lat' dir='ltr'>in</span> <span class='ocrx_word' id='word_1_124' title='bbox 267 1802 394 1967; x_wconf 29' lang='grc' dir='ltr'><strong>,ὴὲ-ε</strong></span> <span class='ocrx_word' id='word_1_125' title='bbox 417 1923 453 1966; x_wconf 89' lang='lat' dir='ltr'>re</span> <span class='ocrx_word' id='word_1_126' title='bbox 478 1900 616 1987; x_wconf 90' lang='lat' dir='ltr'>publica</span> <span class='ocrx_word' id='word_1_127' title='bbox 638 1900 849 1985; x_wconf 90' lang='lat' dir='ltr'>perniciosos</span> <span class='ocrx_word' id='word_1_128' title='bbox 866 1903 949 1967; x_wconf 90' lang='lat' dir='ltr'>civis</span> <span class='ocrx_word' id='word_1_129' title='bbox 966 1915 1072 1967; x_wconf 92' lang='lat' dir='ltr'>morte</span> <span class='ocrx_word' id='word_1_130' title='bbox 1090 1902 1176 1965; x_wconf 90' lang='lat' dir='ltr'>mul·</span> 
     </span>
     <span class='ocr_line' id='line_1_17' title="bbox 116 1984 1176 2115; baseline -0.003 -47"><span class='ocrx_word' id='word_1_131' title='bbox 116 2013 289 2069; x_wconf 87' lang='lat' dir='ltr'>taverunt</span> <span class='ocrx_word' id='word_1_132' title='bbox 337 2000 395 2066; x_wconf 85' lang='lat' dir='ltr'>An</span> <span class='ocrx_word' id='word_1_133' title='bbox 412 2002 521 2087; x_wconf 88' lang='lat' dir='ltr'>leges,</span> <span class='ocrx_word' id='word_1_134' title='bbox 536 2022 625 2087; x_wconf 87' lang='lat' dir='ltr'>quae</span> <span class='ocrx_word' id='word_1_135' title='bbox 642 2000 731 2065; x_wconf 89' lang='lat' dir='ltr'>de</span> <span class='ocrx_word' id='word_1_136' title='bbox 703 1999 827 2065; x_wconf 78' lang='lat' dir='ltr'>civium</span> <span class='ocrx_word' id='word_1_137' title='bbox 841 1984 1078 2067; x_wconf 89' lang='lat' dir='ltr'>Romanorum</span> <span class='ocrx_word' id='word_1_138' title='bbox 1096 2023 1176 2115; x_wconf 86' lang='lat' dir='ltr'>sup-</span> 
     </span>
     <span class='ocr_line' id='line_1_18' title="bbox 118 2099 1177 2189; baseline 0 -22"><span class='ocrx_word' id='word_1_139' title='bbox 118 2103 223 2189; x_wconf 91' lang='lat' dir='ltr'>plicio</span> <span class='ocrx_word' id='word_1_140' title='bbox 240 2114 383 2189; x_wconf 87' lang='lat' dir='ltr'>rogatae</span> <span class='ocrx_word' id='word_1_141' title='bbox 400 2100 500 2165; x_wconf 90' lang='lat' dir='ltr'>sunt?</span> <span class='ocrx_word' id='word_1_142' title='bbox 546 2099 595 2164; x_wconf 84' lang='lat' dir='ltr'>At</span> <span class='ocrx_word' id='word_1_143' title='bbox 610 2121 799 2188; x_wconf 87' lang='lat' dir='ltr'>numquam</span> <span class='ocrx_word' id='word_1_144' title='bbox 816 2101 851 2165; x_wconf 91' lang='lat' dir='ltr'>in</span> <span class='ocrx_word' id='word_1_145' title='bbox 876 2103 942 2166; x_wconf 93' lang='lat' dir='ltr'>hac</span> <span class='ocrx_word' id='word_1_146' title='bbox 965 2102 1048 2167; x_wconf 91' lang='lat' dir='ltr'>urbe</span> <span class='ocrx_word' id='word_1_147' title='bbox 1073 2102 1130 2188; x_wconf 90' lang='lat' dir='ltr'>qui</span> <span class='ocrx_word' id='word_1_148' title='bbox 1156 2124 1177 2167; x_wconf 89' lang='lat' dir='ltr'>a</span> 
     </span>
     <span class='ocr_line' id='line_1_19' title="bbox 118 2199 1176 2288; baseline -0.002 -21"><span class='ocrx_word' id='word_1_149' title='bbox 118 2224 156 2267; x_wconf 88' lang='lat' dir='ltr'>re</span> <span class='ocrx_word' id='word_1_150' title='bbox 181 2201 320 2287; x_wconf 88' lang='lat' dir='ltr'>publica</span> <span class='ocrx_word' id='word_1_151' title='bbox 345 2199 544 2266; x_wconf 87' lang='lat' dir='ltr'>defecerunt</span> <span class='ocrx_word' id='word_1_152' title='bbox 566 2201 693 2265; x_wconf 92' lang='lat' dir='ltr'>civium</span> <span class='ocrx_word' id='word_1_153' title='bbox 713 2201 793 2288; x_wconf 87' lang='lat' dir='ltr'>jura</span> <span class='ocrx_word' id='word_1_154' title='bbox 809 2212 1001 2267; x_wconf 87' lang='lat' dir='ltr'>tenuerunt.</span> <span class='ocrx_word' id='word_1_155' title='bbox 1050 2201 1108 2267; x_wconf 91' lang='lat' dir='ltr'>An</span> <span class='ocrx_word' id='word_1_156' title='bbox 1126 2202 1176 2265; x_wconf 92' lang='lat' dir='ltr'>in·</span> 
     </span>
    </p>
   </div>
   <div class='ocr_carea' id='block_1_3' title="bbox 1 2299 1176 2387">
    <p class='ocr_par' dir='ltr' id='par_1_3' title="bbox 1 2299 1176 2387">
     <span class='ocr_line' id='line_1_20' title="bbox 1 2299 1176 2387; baseline 0.001 -21"><span class='ocrx_word' id='word_1_157' title='bbox 1 2335 3 2356; x_wconf 88' lang='lat'><em>·</em></span> <span class='ocrx_word' id='word_1_158' title='bbox 62 2370 65 2378; x_wconf 18' lang='grc' dir='ltr'><strong>Δ</strong></span> <span class='ocrx_word' id='word_1_159' title='bbox 118 2303 250 2367; x_wconf 89' lang='lat' dir='ltr'>vidiam</span> <span class='ocrx_word' id='word_1_160' title='bbox 276 2300 481 2387; x_wconf 83' lang='lat' dir='ltr'>posteritatis</span> <span class='ocrx_word' id='word_1_161' title='bbox 509 2299 629 2365; x_wconf 84' lang='lat' dir='ltr'>times?</span> <span class='ocrx_word' id='word_1_162' title='bbox 690 2300 909 2366; x_wconf 88' lang='lat' dir='ltr'>Praeclaram</span> <span class='ocrx_word' id='word_1_163' title='bbox 936 2324 1017 2368; x_wconf 86' lang='lat' dir='ltr'>vero</span> <span class='ocrx_word' id='word_1_164' title='bbox 1049 2303 1176 2387; x_wconf 90' lang='lat' dir='ltr'>populo</span> 
     </span>
    </p>
   </div>
   <div class='ocr_carea' id='block_1_4' title="bbox 57 2399 1177 2814">
    <p class='ocr_par' dir='ltr' id='par_1_4' title="bbox 57 2399 1177 2698">
     <span class='ocr_line' id='line_1_21' title="bbox 57 2399 1177 2489; baseline -0.003 -19.821"><span class='ocrx_word' id='word_1_165' title='bbox 57 2403 283 2468; x_wconf 90' lang='lat' dir='ltr'>Romano</span> <span class='ocrx_word' id='word_1_166' title='bbox 306 2401 413 2465; x_wconf 82' lang='lat' dir='ltr'>refers</span> <span class='ocrx_word' id='word_1_167' title='bbox 434 2400 594 2488; x_wconf 85' lang='lat' dir='ltr'>gratiam,</span> <span class='ocrx_word' id='word_1_168' title='bbox 613 2399 671 2486; x_wconf 92' lang='lat' dir='ltr'>qui</span> <span class='ocrx_word' id='word_1_169' title='bbox 691 2412 724 2465; x_wconf 89' lang='lat' dir='ltr'>te</span> <span class='ocrx_word' id='word_1_170' title='bbox 741 2402 915 2466; x_wconf 90' lang='lat' dir='ltr'>hominem</span> <span class='ocrx_word' id='word_1_171' title='bbox 932 2424 994 2487; x_wconf 89' lang='lat' dir='ltr'>per</span> <span class='ocrx_word' id='word_1_172' title='bbox 1009 2413 1041 2466; x_wconf 89' lang='lat' dir='ltr'>te</span> <span class='ocrx_word' id='word_1_173' title='bbox 1059 2401 1177 2489; x_wconf 82' lang='lat' dir='ltr'>cogni·</span> 
     </span>
     <span class='ocr_line' id='line_1_22' title="bbox 119 2500 1177 2597; baseline -0.001 -31"><span class='ocrx_word' id='word_1_174' title='bbox 119 2513 205 2577; x_wconf 90' lang='lat' dir='ltr'>tum,</span> <span class='ocrx_word' id='word_1_175' title='bbox 232 2501 327 2565; x_wconf 89' lang='lat' dir='ltr'>nulla</span> <span class='ocrx_word' id='word_1_176' title='bbox 354 2500 651 2565; x_wconf 84' lang='lat' dir='ltr'>commendatione</span> <span class='ocrx_word' id='word_1_177' title='bbox 675 2501 856 2597; x_wconf 89' lang='lat' dir='ltr'>majorum,</span> <span class='ocrx_word' id='word_1_178' title='bbox 882 2513 952 2565; x_wconf 87' lang='lat' dir='ltr'>tam</span> <span class='ocrx_word' id='word_1_179' title='bbox 978 2513 1107 2565; x_wconf 87' lang='lat' dir='ltr'>mature</span> <span class='ocrx_word' id='word_1_180' title='bbox 1132 2501 1177 2566; x_wconf 86' lang='lat' dir='ltr'>ad</span> 
     </span>
     <span class='ocr_line' id='line_1_23' title="bbox 120 2578 1174 2715; baseline -0.004 -48"><span class='ocrx_word' id='word_1_181' title='bbox 120 2623 294 2715; x_wconf 64' lang='lat' dir='ltr'>summum</span> <span class='ocrx_word' id='word_1_182' title='bbox 239 2578 492 2684; x_wconf 40' lang='lat' dir='ltr'>*imperium</span> <span class='ocrx_word' id='word_1_183' title='bbox 508 2622 570 2685; x_wconf 86' lang='lat' dir='ltr'>per</span> <span class='ocrx_word' id='word_1_184' title='bbox 585 2600 697 2664; x_wconf 90' lang='lat' dir='ltr'>omnis</span> <span class='ocrx_word' id='word_1_185' title='bbox 714 2591 883 2665; x_wconf 88' lang='lat' dir='ltr'>honorum</span> <span class='ocrx_word' id='word_1_186' title='bbox 899 2602 1029 2688; x_wconf 86' lang='lat' dir='ltr'>gradus</span> <span class='ocrx_word' id='word_1_187' title='bbox 1042 2600 1174 2676; x_wconf 88' lang='lat' dir='ltr'>extulit,</span> 
     </span>
    </p>

    <p class='ocr_par' dir='ltr' id='par_1_5' title="bbox 120 2698 1175 2814">
     <span class='ocr_line' id='line_1_24' title="bbox 120 2698 1175 2814; baseline -0.003 -47"><span class='ocrx_word' id='word_1_188' title='bbox 120 2703 147 2767; x_wconf 90' lang='lat' dir='ltr'>si</span> <span class='ocrx_word' id='word_1_189' title='bbox 165 2712 305 2814; x_wconf 84' lang='lat' dir='ltr'>propter</span> <span class='ocrx_word' id='word_1_190' title='bbox 321 2699 471 2764; x_wconf 89' lang='lat' dir='ltr'>invidiae</span> <span class='ocrx_word' id='word_1_191' title='bbox 489 2710 548 2763; x_wconf 91' lang='lat' dir='ltr'>aut</span> <span class='ocrx_word' id='word_1_192' title='bbox 563 2698 665 2785; x_wconf 87' lang='lat' dir='ltr'>alicuj</span> <span class='ocrx_word' id='word_1_193' title='bbox 668 2721 708 2762; x_wconf 91' lang='lat' dir='ltr'>us</span> <span class='ocrx_word' id='word_1_194' title='bbox 725 2699 868 2783; x_wconf 90' lang='lat' dir='ltr'>periculi</span> <span class='ocrx_word' id='word_1_195' title='bbox 886 2713 1012 2764; x_wconf 90' lang='lat' dir='ltr'>metum</span> <span class='ocrx_word' id='word_1_196' title='bbox 1030 2701 1175 2764; x_wconf 86' lang='lat' dir='ltr'>salutem</span> 
     </span>
    </p>
   </div>
   <div class='ocr_carea' id='block_1_5' title="bbox 1 2795 1176 2901">
    <p class='ocr_par' dir='ltr' id='par_1_6' title="bbox 1 2795 1176 2901">
     <span class='ocr_line' id='line_1_25' title="bbox 1 2795 1176 2901; baseline -0.003 -33"><span class='ocrx_word' id='word_1_197' title='bbox 1 2795 3 2804; x_wconf 68' lang='grc'>’</span> <span class='ocrx_word' id='word_1_198' title='bbox 41 2822 50 2836; x_wconf 90' lang='grc'><em>·</em></span> <span class='ocrx_word' id='word_1_199' title='bbox 120 2801 262 2867; x_wconf 90' lang='lat' dir='ltr'>civium·</span> <span class='ocrx_word' id='word_1_200' title='bbox 265 2811 460 2864; x_wconf 89' lang='lat' dir='ltr'>teuorumn</span> <span class='ocrx_word' id='word_1_201' title='bbox 489 2797 589 2901; x_wconf 69' lang='lat' dir='ltr'>leuis</span> <span class='ocrx_word' id='word_1_202' title='bbox 638 2815 686 2862; x_wconf 83' lang='lat'>29.</span> <span class='ocrx_word' id='word_1_203' title='bbox 710 2796 928 2884; x_wconf 51' lang='grc' dir='ltr'>διάξει-Ψ</span> <span class='ocrx_word' id='word_1_204' title='bbox 953 2810 1003 2863; x_wconf 89' lang='lat' dir='ltr'>est</span> <span class='ocrx_word' id='word_1_205' title='bbox 1026 2799 1176 2864; x_wconf 85' lang='lat' dir='ltr'>invidiae</span> 
     </span>
    </p>
   </div>
   <div class='ocr_carea' id='block_1_6' title="bbox 71 2851 1177 4099">
    <p class='ocr_par' dir='ltr' id='par_1_7' title="bbox 119 2851 1177 3391">
     <span class='ocr_line' id='line_1_26' title="bbox 121 2851 1175 2987; baseline -0.003 -21"><span class='ocrx_word' id='word_1_206' title='bbox 121 2914 245 2976; x_wconf 90' lang='lat' dir='ltr'>metus,</span> <span class='ocrx_word' id='word_1_207' title='bbox 263 2921 346 2964; x_wconf 91' lang='lat' dir='ltr'>num</span> <span class='ocrx_word' id='word_1_208' title='bbox 369 2912 486 2965; x_wconf 88' lang='lat' dir='ltr'>estve</span> <span class='ocrx_word' id='word_1_209' title='bbox 492 2851 681 2987; x_wconf 32' lang='lat' dir='ltr'>ern-‚entius</span> <span class='ocrx_word' id='word_1_210' title='bbox 706 2897 893 2962; x_wconf 87' lang='lat' dir='ltr'>severitatis</span> <span class='ocrx_word' id='word_1_211' title='bbox 913 2918 955 2961; x_wconf 86' lang='lat' dir='ltr'>ac</span> <span class='ocrx_word' id='word_1_212' title='bbox 970 2898 1175 2963; x_wconf 87' lang='lat' dir='ltr'>fortitudinis</span> 
     </span>
     <span class='ocr_line' id='line_1_27' title="bbox 122 2976 1176 3087; baseline -0.005 -20"><span class='ocrx_word' id='word_1_213' title='bbox 122 2978 250 3067; x_wconf 84' lang='lat' dir='ltr'>invidia</span> <span class='ocrx_word' id='word_1_214' title='bbox 267 3022 371 3087; x_wconf 90' lang='lat' dir='ltr'>quam</span> <span class='ocrx_word' id='word_1_215' title='bbox 386 2976 529 3063; x_wconf 78' lang='lat' dir='ltr'>inertiae</span> <span class='ocrx_word' id='word_1_216' title='bbox 546 3018 588 3062; x_wconf 89' lang='lat' dir='ltr'>ac</span> <span class='ocrx_word' id='word_1_217' title='bbox 601 2997 771 3085; x_wconf 88' lang='lat' dir='ltr'>nequitiae</span> <span class='ocrx_word' id='word_1_218' title='bbox 785 2996 1079 3083; x_wconf 88' lang='lat' dir='ltr'>pertimescenda?</span> <span class='ocrx_word' id='word_1_219' title='bbox 1118 2996 1176 3062; x_wconf 92' lang='grc' dir='ltr'>Αιι</span> 
     </span>
     <span class='ocr_line' id='line_1_28' title="bbox 121 3097 1176 3173; baseline -0.006 -5"><span class='ocrx_word' id='word_1_220' title='bbox 121 3125 198 3168; x_wconf 91' lang='lat' dir='ltr'>cum</span> <span class='ocrx_word' id='word_1_221' title='bbox 228 3102 320 3166; x_wconf 92' lang='lat' dir='ltr'>bello</span> <span class='ocrx_word' id='word_1_222' title='bbox 348 3099 495 3166; x_wconf 87' lang='lat' dir='ltr'>vastabit</span> <span class='ocrx_word' id='word_1_223' title='bbox 483 3111 536 3163; x_wconf 87' lang='lat' dir='ltr'>tur</span> <span class='ocrx_word' id='word_1_224' title='bbox 563 3097 675 3173; x_wconf 91' lang='lat' dir='ltr'>Italia,</span> <span class='ocrx_word' id='word_1_225' title='bbox 701 3098 876 3169; x_wconf 89' lang='lat' dir='ltr'>vexabunt</span> <span class='ocrx_word' id='word_1_226' title='bbox 864 3109 918 3162; x_wconf 92' lang='lat' dir='ltr'>tur</span> <span class='ocrx_word' id='word_1_227' title='bbox 946 3098 1059 3171; x_wconf 87' lang='lat' dir='ltr'>urbes,</span> <span class='ocrx_word' id='word_1_228' title='bbox 1087 3108 1176 3163; x_wconf 89' lang='lat' dir='ltr'>tecta</span> 
     </span>
     <span class='ocr_line' id='line_1_29' title="bbox 119 3197 1177 3276; baseline -0.007 -8"><span class='ocrx_word' id='word_1_229' title='bbox 119 3203 302 3276; x_wconf 85' lang='lat' dir='ltr'>ardebunt,</span> <span class='ocrx_word' id='word_1_230' title='bbox 320 3209 392 3264; x_wconf 89' lang='lat' dir='ltr'>tum</span> <span class='ocrx_word' id='word_1_231' title='bbox 408 3209 441 3264; x_wconf 88' lang='lat' dir='ltr'>te</span> <span class='ocrx_word' id='word_1_232' title='bbox 458 3221 527 3263; x_wconf 91' lang='lat' dir='ltr'>non</span> <span class='ocrx_word' id='word_1_233' title='bbox 544 3198 720 3263; x_wconf 87' lang='lat' dir='ltr'>existimas</span> <span class='ocrx_word' id='word_1_234' title='bbox 736 3197 887 3262; x_wconf 86' lang='lat' dir='ltr'>invidiae</span> <span class='ocrx_word' id='word_1_235' title='bbox 910 3198 1071 3263; x_wconf 91' lang='lat' dir='ltr'>incendio</span> <span class='ocrx_word' id='word_1_236' title='bbox 1096 3218 1177 3263; x_wconf 91' lang='lat' dir='ltr'>con·</span> 
     </span>
     <span class='ocr_line' id='line_1_30' title="bbox 119 3298 385 3391; baseline -0.004 -25"><span class='ocrx_word' id='word_1_237' title='bbox 119 3298 385 3391; x_wconf 82' lang='lat' dir='ltr'>flagraturum?&#39;</span> 
     </span>
    </p>

    <p class='ocr_par' dir='ltr' id='par_1_8' title="bbox 71 3396 1177 4099">
     <span class='ocr_line' id='line_1_31' title="bbox 163 3396 1177 3487; baseline -0.001 -21"><span class='ocrx_word' id='word_1_238' title='bbox 163 3422 230 3466; x_wconf 89' lang='lat' dir='ltr'>x11.</span> <span class='ocrx_word' id='word_1_239' title='bbox 259 3399 325 3465; x_wconf 92' lang='lat' dir='ltr'>His</span> <span class='ocrx_word' id='word_1_240' title='bbox 354 3420 420 3487; x_wconf 82' lang='lat' dir='ltr'>ego</span> <span class='ocrx_word' id='word_1_241' title='bbox 448 3396 671 3464; x_wconf 89' lang='lat' dir='ltr'>sanctissimis</span> <span class='ocrx_word' id='word_1_242' title='bbox 699 3396 748 3462; x_wconf 91' lang='lat' dir='ltr'>rei</span> <span class='ocrx_word' id='word_1_243' title='bbox 776 3397 935 3483; x_wconf 90' lang='lat' dir='ltr'>publicae</span> <span class='ocrx_word' id='word_1_244' title='bbox 963 3397 1117 3475; x_wconf 89' lang='lat' dir='ltr'>vocibus,</span> <span class='ocrx_word' id='word_1_245' title='bbox 1143 3409 1177 3465; x_wconf 90' lang='lat' dir='ltr'>et</span> 
     </span>
     <span class='ocr_line' id='line_1_32' title="bbox 121 3497 1176 3585; baseline -0.002 -19"><span class='ocrx_word' id='word_1_246' title='bbox 121 3522 238 3567; x_wconf 91' lang='lat' dir='ltr'>eorum</span> <span class='ocrx_word' id='word_1_247' title='bbox 256 3500 434 3565; x_wconf 91' lang='lat' dir='ltr'>hominum</span> <span class='ocrx_word' id='word_1_248' title='bbox 451 3500 508 3585; x_wconf 91' lang='lat' dir='ltr'>qui</span> <span class='ocrx_word' id='word_1_249' title='bbox 522 3500 588 3563; x_wconf 93' lang='lat' dir='ltr'>hoc</span> <span class='ocrx_word' id='word_1_250' title='bbox 600 3498 691 3562; x_wconf 90' lang='lat' dir='ltr'>idem</span> <span class='ocrx_word' id='word_1_251' title='bbox 705 3497 853 3562; x_wconf 88' lang='lat' dir='ltr'>sentiunt</span> <span class='ocrx_word' id='word_1_252' title='bbox 867 3497 1048 3574; x_wconf 89' lang='lat' dir='ltr'>mentibus,</span> <span class='ocrx_word' id='word_1_253' title='bbox 1064 3519 1176 3584; x_wconf 86' lang='lat' dir='ltr'>pauca</span> 
     </span>
     <span class='ocr_line' id='line_1_33' title="bbox 111 3598 1174 3695; baseline -0.003 -30"><span class='ocrx_word' id='word_1_254' title='bbox 111 3602 348 3687; x_wconf 85' lang='lat' dir='ltr'>respondebo.</span> <span class='ocrx_word' id='word_1_255' title='bbox 397 3599 488 3688; x_wconf 85' lang='lat' dir='ltr'>Ego,</span> <span class='ocrx_word' id='word_1_256' title='bbox 512 3599 539 3665; x_wconf 92' lang='lat' dir='ltr'>si</span> <span class='ocrx_word' id='word_1_257' title='bbox 568 3600 634 3664; x_wconf 92' lang='lat' dir='ltr'>hoc</span> <span class='ocrx_word' id='word_1_258' title='bbox 661 3598 826 3683; x_wconf 90' lang='lat' dir='ltr'>optimum</span> <span class='ocrx_word' id='word_1_259' title='bbox 853 3598 944 3695; x_wconf 62' lang='lat' dir='ltr'><em>Q</em></span> <span class='ocrx_word' id='word_1_260' title='bbox 968 3599 1174 3687; x_wconf 62' lang='lat' dir='ltr'>judicamur,</span> 
     </span>
     <span class='ocr_line' id='line_1_34' title="bbox 95 3699 1176 3786; baseline -0.004 -19"><span class='ocrx_word' id='word_1_261' title='bbox 95 3704 111 3729; x_wconf 83' lang='lat'>&#39;</span> <span class='ocrx_word' id='word_1_262' title='bbox 119 3717 235 3786; x_wconf 86' lang='lat' dir='ltr'>patres</span> <span class='ocrx_word' id='word_1_263' title='bbox 251 3702 447 3786; x_wconf 89' lang='lat' dir='ltr'>conscripti,</span> <span class='ocrx_word' id='word_1_264' title='bbox 466 3700 652 3767; x_wconf 86' lang='lat' dir='ltr'>Catilinam</span> <span class='ocrx_word' id='word_1_265' title='bbox 669 3711 776 3764; x_wconf 91' lang='lat' dir='ltr'>morte</span> <span class='ocrx_word' id='word_1_266' title='bbox 800 3699 950 3774; x_wconf 88' lang='lat' dir='ltr'>multari,</span> <span class='ocrx_word' id='word_1_267' title='bbox 972 3701 1072 3765; x_wconf 92' lang='lat' dir='ltr'>unius</span> <span class='ocrx_word' id='word_1_268' title='bbox 1096 3722 1176 3764; x_wconf 91' lang='lat' dir='ltr'>usu-</span> 
     </span>
     <span class='ocr_line' id='line_1_35' title="bbox 119 3800 1172 3889; baseline -0.003 -24"><span class='ocrx_word' id='word_1_269' title='bbox 119 3824 194 3866; x_wconf 90' lang='lat' dir='ltr'>ram</span> <span class='ocrx_word' id='word_1_270' title='bbox 215 3803 320 3868; x_wconf 89' lang='lat' dir='ltr'>horae</span> <span class='ocrx_word' id='word_1_271' title='bbox 340 3802 520 3889; x_wconf 84' lang='lat' dir='ltr'>gladiatori</span> <span class='ocrx_word' id='word_1_272' title='bbox 541 3801 593 3866; x_wconf 93' lang='lat' dir='ltr'>isti</span> <span class='ocrx_word' id='word_1_273' title='bbox 618 3801 662 3864; x_wconf 86' lang='lat' dir='ltr'>ad</span> <span class='ocrx_word' id='word_1_274' title='bbox 686 3800 870 3879; x_wconf 72' lang='lat' dir='ltr'>vivendum</span> <span class='ocrx_word' id='word_1_275' title='bbox 895 3822 964 3864; x_wconf 91' lang='lat' dir='ltr'>non</span> <span class='ocrx_word' id='word_1_276' title='bbox 988 3801 1172 3888; x_wconf 50' lang='lat' dir='ltr'>daliw-</span> 
     </span>
     <span class='ocr_line' id='line_1_36' title="bbox 71 3899 1175 3987; baseline -0.001 -22"><span class='ocrx_word' id='word_1_277' title='bbox 71 3907 73 3911; x_wconf 77' lang='grc'>’</span> <span class='ocrx_word' id='word_1_278' title='bbox 119 3899 257 3967; x_wconf 86' lang='lat' dir='ltr'>Etenim</span> <span class='ocrx_word' id='word_1_279' title='bbox 272 3902 299 3967; x_wconf 90' lang='lat' dir='ltr'>si</span> <span class='ocrx_word' id='word_1_280' title='bbox 313 3902 436 3985; x_wconf 60' lang='lat' dir='ltr'>summi</span> <span class='ocrx_word' id='word_1_281' title='bbox 450 3911 483 3965; x_wconf 88' lang='lat' dir='ltr'>et</span> <span class='ocrx_word' id='word_1_282' title='bbox 496 3900 674 3965; x_wconf 91' lang='lat' dir='ltr'>clarissimi</span> <span class='ocrx_word' id='word_1_283' title='bbox 687 3900 750 3963; x_wconf 89' lang='lat' dir='ltr'>viri</span> <span class='ocrx_word' id='word_1_284' title='bbox 764 3899 939 3987; x_wconf 63' lang='lat' dir='ltr'>Saerni</span> <span class='ocrx_word' id='word_1_285' title='bbox 953 3912 986 3964; x_wconf 89' lang='lat' dir='ltr'>et</span> <span class='ocrx_word' id='word_1_286' title='bbox 999 3900 1175 3985; x_wconf 71' lang='lat' dir='ltr'>Graccho-</span> 
     </span>
     <span class='ocr_line' id='line_1_37' title="bbox 120 4000 1175 4099; baseline -0.002 -34"><span class='ocrx_word' id='word_1_287' title='bbox 120 4023 197 4066; x_wconf 93' lang='lat' dir='ltr'>rum</span> <span class='ocrx_word' id='word_1_288' title='bbox 211 4013 244 4068; x_wconf 92' lang='lat' dir='ltr'>et</span> <span class='ocrx_word' id='word_1_289' title='bbox 259 4002 376 4091; x_wconf 67' lang='lat' dir='ltr'>Elacci</span> <span class='ocrx_word' id='word_1_290' title='bbox 392 4014 426 4067; x_wconf 90' lang='lat' dir='ltr'>et</span> <span class='ocrx_word' id='word_1_291' title='bbox 441 4001 656 4099; x_wconf 59' lang='lat' dir='ltr'>stiperiprum</span> <span class='ocrx_word' id='word_1_292' title='bbox 673 4000 901 4087; x_wconf 82' lang='lat' dir='ltr'>complurium</span> <span class='ocrx_word' id='word_1_293' title='bbox 919 4000 1088 4094; x_wconf 77' lang='lat' dir='ltr'>sapguine</span> <span class='ocrx_word' id='word_1_294' title='bbox 1105 4020 1175 4064; x_wconf 91' lang='lat' dir='ltr'>non</span> 
     </span>
    </p>
   </div>
   <div class='ocr_carea' id='block_1_7' title="bbox 0 0 1298 4442">
    <p class='ocr_par' dir='ltr' id='par_1_9' title="bbox 0 0 1298 4442">
     <span class='ocr_line' id='line_1_38' title="bbox 0 0 1298 4442; baseline 0 0"><span class='ocrx_word' id='word_1_295' title='bbox 0 0 1298 4442; x_wconf 95' lang='lat' dir='ltr'> </span> 
     </span>
    </p>
   </div>
  </div>
 </body>
</html>
