2760 4448
121 241 160 289 xv.
173 233 221 303 tt]
270 254 273 262 '
366 233 502 323 Jusnte
523 244 557 301 to
582 237 622 302 be
643 237 854 303 vrirdr'catcd.
1091 258 1135 328 39

149 453 187 500 tr.
208 435 236 500 O
251 436 547 501 commemoranda
560 436 704 525 judicia,
719 437 1003 525 praeclaramque
1019 438 1136 506 existi-

116 537 269 601 mationem
297 538 401 601 nostri
430 536 579 601 ordinisi
621 557 700 602 cum
728 537 812 602 socii
840 539 959 623 populi
983 539 1135 605 Romani

117 637 223 724 judicia
252 637 294 700 de
325 637 487 721 pecuniis
510 637 709 721 repetundis
741 636 814 701 fieri
832 638 965 714 nolunt,
994 661 1083 726 quae
1114 661 1135 705 a

113 737 270 823 majoribus
301 737 425 801 nostris
460 738 630 801 sociorum
668 758 774 801 causa
809 752 1008 823 comparata
1043 751 1132 805 sunt.

111 835 153 901 An
177 836 232 900 iste
259 857 422 921 umquam
451 837 493 901 de
521 858 558 902 se
582 837 709 902 bonam
734 858 830 922 spem
856 839 1043 915 habuisset,
1070 840 1136 904 nisi

110 937 142 1001 de
164 936 251 1001 vobis
279 938 407 1000 malam
434 937 632 1021 opinionem
658 937 772 1002 animo
796 937 1007 1004 imbibisset?
1055 937 1136 1024 Qu

109 1035 215 1122 majore
230 1036 333 1101 etiam
354 1035 401 1122 (si
420 1036 494 1100 fieri
517 1036 646 1122 potest)
674 1038 766 1121 apud
789 1059 851 1102 vos
874 1039 954 1104 odio
977 1059 1053 1104 esse
1077 1040 1137 1105 de·

108 1134 160 1210 bet,
178 1155 276 1221 quam
301 1147 353 1201 est
377 1137 469 1221 apud
492 1137 659 1222 populum
676 1136 888 1212 Romanum,
907 1158 985 1203 curn
1003 1138 1038 1203 in
1054 1159 1137 1203 ava-

107 1233 176 1309 ritia,
192 1236 333 1310 scelere,
351 1235 514 1323 perjurio,
531 1258 593 1303 vos
609 1236 662 1302 sui
678 1236 799 1302 similis
814 1257 891 1302 esse
908 1239 1100 1304 arbitretur.

139 1353 194 1399 xv.
217 1351 263 1401 4³·
286 1334 356 1403 Cui
380 1337 468 1401 loco.
484 1338 564 1423 (per
587 1336 681 1402 Deos
705 1336 907 1403 immortalis
920 1336 963 1424 1),
985 1338 1134 1427 judices,

106 1435 249 1500 consulite
266 1456 308 1500 ac
326 1436 514 1520 providete.
553 1436 682 1502 Moneo
699 1437 1028 1524 praedicoque-id
1043 1439 1136 1526 quod

105 1531 446 1622 intellego-tempus
471 1537 538 1601 hoc
560 1537 658 1605 vobis
680 1537 842 1602 divinitus
857 1538 975 1603 datum
992 1559 1081 1615 esse,
1100 1550 1137 1604 ut

105 1634 177 1708 odio,
208 1636 352 1711 invidia,
386 1636 542 1711 infamia,
579 1636 801 1721 turpitudine,
835 1648 941 1702 toturn
979 1638 1137 1703 ordinem

104 1731 244 1802 liberetis.
307 1735 415 1801 Nulla
443 1737 479 1803 in
502 1736 642 1825 judiciis
669 1736 845 1811 severitas,
876 1737 971 1801 nulla
999 1737 1136 1825 religio,

104 1834 180 1899 nulla
202 1836 351 1922 denique
371 1837 445 1927 jam
470 1836 706 1903 existimantur
729 1857 805 1903 esse
825 1835 969 1924 judicia.
1017 1836 1136 1924 Itaque

105 1938 259 2021 apopulo
286 1937 450 2003 Romano
481 1937 744 2011 contemnimur,
773 1936 1002 2021 despicimur:
1037 1939 1160 2026 gravi*

104 2034 313 2123 diuturnaque
326 2037 398 2125 jam
415 2037 605 2124 flagramus
622 2035 776 2101 infamia.
825 2051 872 2099 44.
895 2036 1019 2123 Neque
1043 2039 1135 2103 enim

103 2135 189 2199 ullam
213 2139 320 2205 aliam
340 2139 383 2203 ob
396 2157 542 2202 causam
559 2138 706 2221 populus
723 2136 903 2201 Romanus
919 2138 1135 2203 tribuniciam

103 2246 284 2317 potestatem
298 2248 391 2316 tanto
404 2238 517 2302 studio
529 2236 724 2324 requisivit3
745 2256 847 2322 quam
863 2258 941 2301 cum
959 2239 1134 2321 poscebat,

102 2336 188 2402 verbo
204 2339 300 2403 illam
321 2358 463 2422 poscere
485 2336 677 2410 videbatur,
701 2357 738 2401 re
761 2358 843 2401 vera
863 2337 994 2424 judicia
1018 2359 1137 2423 posce·

102 2433 156 2499 bat.
189 2438 315 2525 Neque
329 2440 393 2503 hoc
406 2436 459 2523 Q
469 2435 645 2512 Catulum,
660 2436 834 2501 hominem
847 2437 1136 2520 sapientissimum

103 2546 185 2621 atque
214 2537 482 2624 amplissimum,
512 2536 612 2624 fugit,
642 2535 699 2621 qui
735 2535 820 2621 (Cn.
855 2536 1034 2621 Pompeio,
1062 2537 1137 2604 viro

102 2632 264 2705 fortissimo
291 2649 324 2702 et
347 2637 550 2712 clarissimo,
572 2638 614 2703 de
638 2636 819 2703 tribunicia
843 2647 1008 2721 potestate
1032 2637 1137 2702 reser-

103 2738 195 2823 ens),
223 2760 308 2805 cum
336 2749 425 2802 esset
452 2736 656 2803 sententiam
684 2747 838 2823 rogatus,
869 2735 935 2802 hoc
962 2736 1059 2802 initio
1086 2747 1137 2802 est

103 2853 217 2903 summa
248 2860 330 2903 curn
366 2836 566 2903 auctoritate
599 2857 703 2901 usus:
746 2835 888 2901 ‘Patres
925 2837 1137 2921 conscriptos

105 2932 217 3019 judicia
234 2938 328 3005 male
344 2948 378 3005 et
393 2937 562 3024 flagitiose
578 2936 685 3005 tueri:
710 2937 802 3022 quod
819 2936 900 3001 siin
924 2938 1026 3000 rebus
1045 2936 1138 3023 jndi-

102 3022 216 3115 cindis,
238 3038 359 3124 populi
378 3037 530 3105 Romani
554 3036 797 3103 existimationi
822 3037 903 3102 satis
927 3035 1041 3101 facere
1065 3036 1137 3100 vol-

102 3134 224 3214 uissent,
251 3159 322 3205 non
350 3149 443 3205 tanto
468 3158 572 3222 opere
601 3137 758 3203 homines
786 3136 891 3201 fuisse
918 3135 1136 3202 tribuniciam

102 3246 287 3315 potestatem
328 3238 605 3315 desideraturos?
674 3253 720 3302 45.
751 3237 832 3322 Ipse
875 3236 1023 3322 denique
1066 3236 1133 3303 Cn.

103 3329 282 3424 Pompeius,
301 3359 380 3403 cum
400 3338 549 3423 primum
573 3337 767 3403 contionem
792 3337 836 3402 ad
859 3336 991 3401 Urbem
1015 3339 1135 3403 consul

103 3432 285 3525 designatus
313 3438 445 3513 habuit,
470 3437 528 3503 ubi
557 3437 610 3523 (id
637 3438 728 3522 quod
761 3436 912 3501 maxime
943 3438 1135 3522 exspectari

103 3533 281 3624 videbatur)
308 3538 455 3605 ostendit
478 3559 516 3602 se
538 3537 756 3602 tribuniciam
781 3547 982 3622 potestatem
1003 3537 1136 3602 restitu-

105 3640 209 3714 turum,
227 3638 347 3703 sactus
362 3648 413 3703 est
427 3637 462 3701 in
480 3658 521 3702 eo
538 3636 709 3721 strepitus,
727 3647 760 3702 et
776 3648 875 3723 grata
892 3637 1059 3702 contionis
1076 3637 1137 3703 ad·

105 3739 318 3803 murmuratio.
380 3737 476 3802 Idem
501 3737 537 3801 in
560 3737 682 3803 eadem
708 3737 864 3803 contione
890 3758 968 3802 cum
993 3736 1136 3801 dixisset

106 3838 289 3919 ‘populatas
312 3848 523 3922 vexatasque
540 3857 616 3903 esse
633 3836 848 3922 provincias3
873 3836 1004 3924 judicia
1020 3845 1135 3900 autern

105 3936 196 4019 turpia
213 3958 253 4003 ac
268 3936 440 4025 flagitiosa
458 3936 552 4011 fieri3
584 3937 615 4003 ei
632 3935 680 4001 rei
698 3957 735 4002 se
751 3936 931 4021 providere
949 3956 990 4000 ac
1012 3955 1136 4001 consu·
