2760 4448
196 245 218 312 6
520 244 677 330 Desence
700 244 748 330 os
761 242 920 308 Roscius,
1054 238 1163 325 [Rosc.
1186 240 1265 291 ΑΜ.

197 450 300 514 domo
317 459 417 533 atque
434 424 521 512 focis
535 444 652 531 patriis
668 444 790 529 disque
806 442 986 529 penatibus
1002 441 1262 529 praecipitem,

203 547 349 636 judices,
365 546 541 618 exturbat3
562 544 635 629 ipse
648 543 882 627 amplissimae
899 542 1067 626 pecuniae
1085 543 1120 606 fit
1137 543 1264 608 dorni·

198 669 275 711 nus.
325 644 396 729 Qui
416 646 450 708 in
471 664 531 708 sua
552 664 588 706 re
609 642 727 707 suisset
751 642 1005 728 egentissimus
1028 656 1113 717 erat,
1134 655 1172 708 ut
1197 645 1258 718 fit,

197 746 348 811 insolens
360 743 395 808 in
409 745 533 808 aliena.
582 741 694 805 Multa
711 742 826 826 palam
841 740 980 804 domum
999 763 1096 806 suam
1115 743 1262 807 aufere-

197 846 268 919 bat,
286 847 384 930 plura
401 845 491 908 clam
508 843 550 907 de
567 840 680 906 medio
697 841 915 914 removebat;
944 864 1014 907 non
1039 865 1151 929 pauca
1177 844 1259 907 suis

199 944 409 1033 adjutoribus
432 944 528 1030 large
553 935 728 1026 effuseque
756 941 927 1015 donabat;
962 943 1094 1029 reliqua
1123 943 1259 1008 consti-

198 1056 270 1109 tuta
305 1043 461 1108 auctione
497 1042 689 1107 vendebatz
730 1041 823 1126 quod
854 1039 1031 1108 Amerinis
1066 1064 1174 1133 usque
1209 1063 1258 1106 eo

198 1144 310 1209 visum
339 1155 389 1209 est
416 1142 611 1230 indignum,
634 1151 670 1205 ut
697 1141 782 1208 urbe
809 1151 878 1206 tota
902 1141 1003 1208 fletus
1031 1144 1257 1230 gemitusque

199 1244 306 1308 fieret.
354 1263 407 1307 lx.
432 1258 473 1305 14.
496 1242 632 1307 Etenim
650 1241 756 1304 multa
772 1241 874 1307 simul
893 1254 971 1308 ante
991 1243 1110 1308 oculos
1132 1262 1258 1307 versa·

199 1345 344 1409 bantur:
368 1366 460 1409 mors
476 1342 624 1408 hominis
639 1341 869 1406 florentissimi
887 1342 972 1408 Sex.
992 1343 1100 1408 Rosci
1128 1342 1257 1406 crude-

200 1444 343 1519 lissima,
366 1444 425 1507 filii
451 1455 563 1507 autem
587 1442 661 1529 ejus
685 1454 822 1528 egestas
846 1442 1101 1529 indignissima,
1126 1442 1181 1506 cui
1206 1441 1255 1505 de

201 1554 294 1609 tanto
316 1544 519 1629 patrimonio
541 1542 670 1629 praedo
691 1542 754 1605 iste
779 1542 932 1607 nefarius
956 1564 1000 1607 ne
1025 1541 1087 1606 iter
1110 1542 1255 1627 quidem

202 1645 246 1708 ad
278 1645 473 1729 sepulcrum
505 1642 652 1729 patrium
684 1642 889 1728 reliquisset,
923 1643 1091 1707 bonorum
1124 1640 1255 1724 emptio

201 1744 384 1831 flagitiosa,
399 1743 583 1830 possessi0‚
597 1740 699 1816 furta,
714 1741 869 1825 rapinae,
885 1741 1099 1806 donationes.
1136 1739 1254 1805 Nemo

202 1858 275 1908 erat
289 1844 347 1930 qui
365 1867 433 1910 non
450 1845 569 1909 ardere
583 1845 646 1909 illa
662 1842 777 1907 omnia
798 1842 927 1916 mallet,
945 1862 1049 1926 quarn
1075 1840 1191 1904 videre
1214 1840 1253 1902 in

203 1943 287 2008 Sex.
307 1943 426 2009 Roscii
447 1943 511 2007 viri
535 1942 653 2029 optimi
673 1954 780 2027 atque
804 1940 1036 2006 honestissimi
1059 1939 1157 2004 bonis
1177 1940 1254 2027 jac·
1367 1968 1368 1971 ¹

202 2054 329 2108 tantem
363 2065 399 2108 se
427 2063 469 2108 ac
496 2042 729 2107 dominantem
757 2041 802 2104 T.
829 2040 1015 2106 Roscium.
1066 2056 1108 2102 15.
1133 2039 1252 2125 ltaque

203 2143 426 2208 decurionum
451 2142 623 2208 decretum
645 2141 757 2204 statim
774 2141 823 2216 fit,
842 2152 879 2205 ut
895 2141 1016 2206 decem
1034 2140 1133 2226 primi
1151 2139 1252 2225 profi-

204 2245 375 2308 ciscantur
395 2243 438 2331 ad
458 2241 501 2305 L.
522 2241 669 2314 Sullam,
689 2241 903 2329 doceantque
926 2261 1005 2305 eum
1022 2240 1081 2326 qui
1097 2240 1149 2303 vir
1165 2238 1249 2303 Sex.

204 2342 354 2408 Roscius
385 2341 505 2415 suerit3
542 2351 795 2425 conquerantur
822 2341 866 2404 de
894 2339 1036 2404 istorum
1064 2341 1192 2404 scelere
1219 2348 1252 2402 et

203 2441 357 2530 injuriis;
386 2452 482 2506 orent
501 2451 537 2504 ut
557 2450 589 2503 et
608 2439 699 2503 illius
719 2439 844 2503 mortui
864 2439 994 2502 famam
1016 2450 1049 2503 et
1072 2438 1132 2502 filii
1156 2438 1252 2502 inno-

205 2541 315 2620 centis¹
328 2541 479 2605 fortunas
497 2550 715 2604 conservatas
732 2539 825 2603 velit.
874 2537 990 2625 Atque
1007 2538 1120 2624 ipsum
1137 2538 1251 2604 decre-

204 2652 289 2717 tum,
307 2661 448 2726 quaes0‚
468 2639 678 2725 cognoscite.

479 2737 981 2828 [Decretuvaecurzonum]

250 2839 375 2926 Legati
404 2838 439 2902 in
463 2849 574 2903 castra
597 2839 750 2902 veniunt.
801 2838 1029 2926 intellegitur,
1050 2838 1196 2926 judices,
1215 2837 1248 2903 id

206 2941 297 3027 quod
310 2939 382 3027 jam
400 2950 478 3003 ante
495 2938 580 3012 dixi,
598 2937 816 3022 imprudente
833 2937 877 3001 L.
899 2938 999 3003 Sulla
1016 2940 1147 3003 scelera
1168 2939 1248 3002 haec

207 3053 240 3105 et
261 3039 394 3127 flagitia
417 3037 503 3102 fieri.
552 3037 645 3101 Nam
670 3038 784 3101 statim
801 3036 1054 3125 Chrysogonus
1071 3049 1105 3102 et
1120 3038 1192 3122 ipse
1207 3037 1247 3103 ad

208 3162 266 3205 eos
286 3138 418 3204 accedit
434 3147 467 3201 et
482 3136 638 3200 homines
655 3136 777 3201 nobilis
795 3137 948 3224 adlegat,
964 3137 1007 3200 ab
1022 3137 1071 3202 eis
1088 3137 1145 3224 qui
1162 3148 1247 3222 pete-

204 3242 282 3304 ‘rent
308 3259 351 3302 ne
380 3237 424 3301 ad
449 3235 583 3301 Sullam
611 3235 755 3311 adirent,
782 3248 814 3301 et
841 3237 957 3302 omnia
986 3234 1246 3323 Chrysogonum

141 3412 144 3419 .
207 3359 296 3425 quae
319 3338 447 3400 vellent
470 3356 545 3400 esse
569 3335 737 3400 facturum
767 3336 1021 3421 pollicerentur.
1069 3353 1111 3400 ro.
1136 3336 1246 3422 Usque

209 3439 295 3502 adeo
313 3446 425 3500 autem
442 3435 499 3499 ille
519 3436 752 3520 pertimuerat,
772 3447 809 3500 ut
832 3436 919 3501 mori
945 3437 1062 3500 mallet
1085 3456 1187 3521 quam
1208 3435 1245 3499 de

209 3539 262 3602 his
276 3537 378 3601 rebus
391 3534 524 3601 Sullam
538 3535 664 3602 doceri.
709 3535 879 3601 Homines
897 3536 1039 3623 antiqui,
1059 3535 1117 3621 qui
1134 3556 1177 3598 ex
1191 3555 1245 3599 sua

209 3650 330 3701 natura
358 3646 488 3700 ceteros
519 3635 701 3722 fingerent,
732 3658 810 3701 curn
843 3637 900 3701 ille
933 3638 1150 3702 confirmaret
1179 3655 1245 3698 sese

209 3760 334 3802 nornen
359 3736 444 3801 Sex.
471 3734 579 3799 Rosci
616 3737 658 3800 de
682 3737 810 3801 tabulis
843 3747 1082 3822 exempturum
1114 3733 1245 3820 praedia

208 3858 320 3902 vacua
336 3837 407 3900 filio
423 3836 639 3910 traditurum,
657 3857 804 3921 cumque
821 3835 856 3901 id
873 3836 918 3900 ita
935 3837 1085 3900 futurum
1102 3836 1147 3899 T.
1167 3833 1245 3898 Ros·

210 3937 283 4003 cius
303 3935 440 4022 Capito,
461 3934 519 4021 qui
539 3935 575 3998 in
597 3936 717 3999 decem
737 3935 861 4023 legatis
882 3945 967 4011 erat,
986 3935 1242 4021 appromitteret,
