2760 4448
201 267 243 335 26
362 264 368 269 ⁸
476 270 735 359 Impeoclrment
758 273 806 358 os
832 271 970 337 Verres.
1085 274 1201 344 [VERR.
1237 277 1266 330 Ι.

198 492 309 558 neque
331 483 461 537 tantum
484 472 673 558 periculum
696 472 779 536 mihi
803 473 899 538 adire
912 474 1008 539 visus
1030 497 1119 550 sum,
1138 498 1264 563 neque

197 582 291 636 tanto
303 593 407 657 opere
419 571 590 657 pertimui,
602 584 639 636 ut
652 572 790 636 nuncin
803 572 878 657 ipso
892 573 1035 660 judicio.
1075 589 1104 635 4.
1127 575 1263 662 Neque

197 681 329 736 tantum
352 693 408 736 me
432 672 642 755 exspectatio
666 673 894 763 accusationis
919 695 1029 748 meae,
1048 696 1263 741 concursus-

198 791 264 855 que
292 781 406 835 tantae
434 770 671 844 multitudinis,
697 771 821 856 quibus
850 793 917 858 ego
940 774 1042 837 rebus
1065 775 1262 840 vehemen-

197 869 326 934 tissime
351 870 540 955 perturbor,
567 883 772 945 commovet,
796 883 962 955 quantum
987 874 1082 937 istius
1106 873 1259 939 insidiae
1359 871 1366 895 '¹

198 970 363 1041 nefariae,
382 989 467 1054 quas
487 990 555 1034 uno
570 977 724 1054 tempore
741 969 838 1044 mihi,
849 970 958 1044 vobis,
971 971 1034 1035 Μ’.
1055 971 1255 1049 Glabrioni,

200 1069 325 1154 populo
347 1069 520 1142 Romano,
538 1068 654 1143 sociis,
672 1069 798 1134 exteris
820 1070 1028 1145 nationibus,
1047 1072 1170 1147 ordini,
1189 1095 1258 1138 no-

198 1169 281 1232 mini
294 1168 441 1255 denique
458 1169 639 1245 senatorio,
655 1169 767 1235 lacere
785 1182 947 1234 conatur:
968 1171 1027 1257 qui
1043 1170 1089 1235 ita
1106 1171 1255 1247 dictitat,

197 1267 248 1332 eis
271 1286 346 1333 esse
372 1271 603 1360 metuendum,
627 1269 685 1355 qui
712 1270 804 1356 quod
832 1270 915 1354 ipsis
943 1270 1024 1335 solis
1052 1271 1132 1335 satis
1159 1285 1258 1337 esset

198 1368 459 1454 surripuissent3
492 1390 528 1434 se
553 1382 683 1435 tantum
708 1370 886 1455 eripuisse,
911 1381 947 1435 ut
970 1370 1005 1434 id
1030 1371 1143 1435 multis
1167 1372 1255 1436 satis

196 1489 274 1534 esse
290 1469 416 1554 possit3
442 1469 526 1534 nihil
548 1491 624 1535 esse
646 1483 715 1535 tam
740 1483 896 1537 sanctum
912 1471 1005 1557 quod
1029 1492 1097 1535 non
1114 1471 1252 1547 violari,

197 1569 283 1638 nihil
298 1581 368 1634 tam
386 1570 551 1634 munitum
568 1571 659 1656 quod
677 1593 745 1635 non
762 1571 955 1658 expugnari
968 1571 1115 1656 pecunia
1129 1571 1251 1655 possit.

241 1686 269 1734 5.
293 1669 397 1755 Quod
434 1671 462 1735 si
499 1692 602 1756 quam
639 1671 755 1735 audax
786 1683 836 1735 est
868 1672 912 1735 ad
944 1671 1152 1746 conandum,
1178 1683 1252 1735 tam

198 1783 288 1837 esset
310 1772 475 1837 obscurus
498 1771 533 1835 in
558 1771 707 1858 agendo,
735 1771 876 1836 fortasse
905 1770 1019 1857 aliqua
1050 1771 1085 1835 in
1117 1792 1154 1834 re
1185 1792 1252 1836 nos

198 1871 382 1957 aliquando
405 1872 590 1936 fefellisset.
639 1871 771 1935 Verum
793 1872 859 1936 hoc
875 1872 988 1936 adhuc
1005 1871 1251 1956 percommode

198 1972 300 2047 cadit,
327 1973 418 2057 quod
446 1992 523 2035 cum
556 1970 747 2035 incredibili
779 1971 853 2059 ejus
884 1971 1030 2036 audacia
1062 1969 1251 2057 singulari-s

198 2071 335 2137 stultitia
360 2071 541 2159 conjuncta
565 2082 627 2135 est.
676 2070 782 2146 Nam,
801 2082 837 2136 ut
858 2083 995 2156 apertus
1012 2071 1046 2135 in
1063 2070 1250 2155 corripien-

197 2173 250 2239 dis
274 2171 428 2257 pecuniis
452 2171 525 2245 suit,
548 2170 598 2235 sic
621 2169 656 2234 in
680 2193 741 2255 spe
765 2172 1004 2256 corrumpendi
1025 2171 1250 2259 judici-,per-

197 2273 317 2358 spicua
336 2292 398 2336 sua
416 2270 558 2336 consilia
574 2278 784 2356 conatusque
800 2272 957 2336 omnibus
975 2271 1065 2336 fecit.
1114 2269 1246 2347 Semel,

197 2373 255 2447 ait,
282 2393 318 2437 se
344 2372 380 2435 in
405 2371 473 2435 vita
501 2371 727 2456 pertimuisse,
753 2382 825 2435 tum
853 2392 931 2457 cum
962 2372 1111 2457 primum
1139 2392 1159 2435 a
1191 2393 1248 2436 me

196 2494 275 2538 reus
299 2474 408 2537 sactus
434 2471 497 2544 sit3
526 2472 630 2557 quod,
652 2492 732 2534 cum
757 2492 777 2536 e
800 2472 976 2557 provincia
999 2493 1120 2537 recens
1143 2483 1246 2547 esset,

196 2572 392 2659 invidiaque
415 2583 448 2636 et
470 2570 612 2635 infamia
636 2593 704 2635 non
728 2572 868 2646 recenti,
887 2573 948 2637 sed
970 2584 1082 2637 vetere
1107 2593 1149 2636 ac
1172 2571 1248 2636 diu-

196 2686 295 2738 turna
333 2672 508 2760 flagraret,
540 2681 626 2746 tum,
660 2672 703 2735 ad
737 2671 906 2759 judicium
942 2672 1245 2757 corrumpendum,

196 2787 330 2859 tempus
348 2773 497 2837 alienum
517 2771 717 2837 offenderet.
765 2786 794 2832 6.
816 2771 947 2856 Itaque,
967 2792 1045 2835 cum
1066 2793 1133 2858 ego
1155 2773 1248 2837 diem

196 2877 232 2940 in
249 2874 402 2940 Siciliam
425 2872 619 2959 inquirendi
644 2870 867 2958 perexiguam
894 2870 1168 2955 postulavissent,
1196 2873 1249 2936 in·

196 2976 289 3041 venit
312 2975 386 3048 iste,
405 2974 463 3060 qui
488 2972 551 3036 sibi
576 2972 610 3035 in
633 2969 805 3035 Achaiam
828 2971 931 3035 biduo
948 2970 1138 3036 breviorem
1155 2972 1247 3041 diem

197 3076 443 3162 postularet‚-
453 3094 522 3136 non
549 3082 586 3135 ut
612 3070 642 3135 is
668 3071 760 3135 idem
792 3071 974 3135 conficeret
1005 3070 1184 3158 diligentia
1214 3087 1248 3140 et

196 3176 361 3243 industria
378 3195 439 3238 sua
456 3172 547 3258 quod
565 3192 630 3258 ego
653 3193 729 3236 meo
752 3171 866 3236 labore
889 3183 921 3236 et
937 3171 1064 3258 vigiliis
1084 3192 1248 3240 consecu-

195 3275 250 3342 tus
267 3297 356 3348 sum,
375 3274 500 3337 etenim
519 3272 578 3336 ille
601 3270 778 3336 Achaicus
802 3271 979 3357 inquisitor
1002 3293 1046 3336 ne
1070 3271 1247 3339 Brundisi-

196 3398 253 3442 um
268 3375 406 3462 quidem
424 3366 597 3458 pervenit3
621 3393 687 3458 ego
697 3362 857 3436 'Siciliam
875 3382 980 3437 totam
997 3371 1246 3461 quinquaginta

197 3477 317 3543 diebus
342 3475 391 3540 sic
414 3473 495 3548 obii,
513 3483 551 3537 ut
573 3471 726 3537 omnium
749 3455 953 3557 populorum
970 3472 1245 3559 privatorumque

197 3577 311 3641 literas
328 3574 536 3662 injuriasque
554 3593 820 3660 cognoscerem
844 3583 881 3637 ut
897 3571 1116 3658 perspicuum
1138 3573 1244 3651 cuivis

197 3697 272 3742 esse
296 3686 422 3762 posset,
447 3673 621 3739 hominem
639 3673 681 3738 ab
698 3673 763 3738 isto
778 3673 971 3760 quaesitum
995 3692 1083 3748 esse,
1103 3695 1170 3737 non
1188 3672 1244 3758 qui

197 3798 294 3843 reum
310 3796 409 3840 suum
427 3775 622 3848 adduceret,
638 3773 698 3838 sed
711 3773 768 3858 qui
786 3794 899 3837 meum
916 3784 1050 3856 tempus
1066 3773 1242 3838 obsideret.

242 3897 294 3940 111.
320 3890 347 3936 τ.
371 3874 476 3937 Nunc
489 3875 591 3938 homo
608 3873 857 3937 audacissimus
875 3884 975 3957 atque
993 3873 1243 3937 amentissimus

198 3977 264 4042 hoc
295 3975 432 4061 cogitat.
482 3971 653 4057 Intellegit
689 3993 744 4037 me
781 3972 826 4035 ita
863 3984 1019 4056 paratum
1047 3983 1158 4055 atque
1195 3970 1243 4035 in·
