2722 4438
161 283 224 371 198
510 282 668 369 Desence
692 286 740 370 ‘ff
752 284 856 350 Μίίο.
1105 281 1213 352 [an

157 483 351 571 aedilicium
373 483 408 547 in
433 482 566 559 alien03
590 502 634 549 75.
658 483 716 569 qui
741 484 822 550 huic
837 484 882 548 T.
910 485 940 550 F
942 484 1214 559 ursanio,-cui

156 585 242 659 viro,
275 584 310 649 di
340 583 570 648 immortales!
603 584 685 669 quid
716 584 808 648 enirn
836 606 904 670 ego
934 585 977 648 de
1009 585 1214 650 muliercula

156 683 311 758 Scantia,
329 683 411 769 quid
431 683 473 747 de
500 683 719 748 adulescente
745 682 785 747 P.
804 683 933 768 Apinio
961 683 1097 747 dicam?
1128 706 1215 769 quo·

156 807 231 849 rum
251 783 383 868 utrique
403 792 547 846 mortem
573 794 624 848 est
648 781 835 857 minitatus,
854 782 919 847 nisi
945 782 1009 847 sibi
1036 784 1213 849 hortorum

156 883 371 970 possessione
410 882 603 957 cessissent,
621 882 744 946 —sed
783 903 904 946 ausum
939 904 1013 948 esse
1046 883 1214 949 Furfanio

156 983 284 1057 dicere,
313 982 342 1046 si
373 980 437 1046 sibi
469 982 665 1065 pecuniam,
697 992 862 1067 quantam
894 994 1108 1068 poposcerat,
1142 1006 1214 1048 non

126 1120 130 1127 ·
157 1083 319 1154 dedisset,
341 1091 510 1146 mortuum
533 1103 569 1146 se
593 1082 627 1145 in
651 1082 791 1146 domum
821 1082 894 1170 ejus
920 1083 1116 1158 inlaturum,
1143 1104 1214 1169 qua

157 1183 286 1247 invidia
298 1181 379 1246 huic
392 1192 481 1245 esset
492 1181 551 1244 tali
565 1182 637 1246 viro
652 1179 936 1268 conflagrandum
949 1205 957 1257 3
983 1183 1040 1269 qui
1056 1181 1215 1267 Appium

157 1280 502 1354 fratrem,‘hominem
530 1281 614 1345 mihi
643 1281 862 1368 conjunctum
891 1282 1056 1347 fidissima
1084 1281 1212 1369 gratia,

158 1383 333 1446 absentem
355 1380 398 1445 de
426 1381 641 1464 possessione
668 1382 764 1446 fundi
792 1382 936 1471 dejecit3
960 1381 1018 1468 qui
1046 1382 1214 1467 parietem

158 1481 207 1546 sic
231 1502 292 1564 per
307 1479 511 1544 vestibulum
541 1480 666 1546 sororis
693 1481 834 1546 instituit
860 1483 998 1556 ducere,
1029 1482 1078 1546 sic
1106 1502 1215 1568 agere

157 1581 393 1653 fundamenta,
411 1590 447 1642 ut
464 1601 614 1645 sororem
635 1603 703 1647 non
728 1582 831 1648 modo
854 1581 1022 1647 vestibulo
1047 1581 1213 1667 privaret,

158 1681 218 1746 sed
235 1679 328 1744 omni
345 1678 438 1744 aditu
456 1689 489 1743 et
507 1679 637 1745 limine.

202 1799 335 1844 xxvru.
360 1796 406 1843 ra.
432 1777 654 1866 Qarnquam
671 1782 758 1847 haec
774 1781 911 1868 quidem
932 1782 1004 1870 jam
1020 1781 1216 1846 tolerabilia

157 1881 374 1955 videbantur,
393 1880 456 1945 etsi
474 1882 696 1967 aequabiliter
720 1883 755 1945 in
780 1904 852 1946 rem
878 1882 1064 1968 publicam,
1083 1881 1119 1944 in
1145 1881 1218 1966 pri-

157 1991 266 2054 vatos,
286 1979 319 2043 in
337 1980 556 2067 longinquos,
575 1983 609 2044 in
626 1981 847 2068 propinquos,
866 1981 900 2045 in
918 1981 1060 2054 alienos,
1079 1981 1115 2044 in
1131 2001 1217 2045 suos

157 2080 334 2154 inruebat3
368 2081 429 2144 sed
446 2079 562 2144 nescio
578 2102 645 2166 quo
667 2082 768 2146 modo
788 2082 861 2169 jam
877 2102 941 2145 usu
958 2080 1165 2145 obduruerat
1180 2091 1219 2144 et

158 2182 386 2266 percalluerat
403 2181 547 2245 civitatis
564 2181 770 2245 incredibilis
787 2181 960 2265 patientia.
1011 2178 1114 2263 Quae
1130 2201 1218 2244 vero

159 2281 302 2349 aderant
317 2282 389 2371 jarn
413 2292 445 2345 et
461 2281 717 2365 impendebant,
736 2301 885 2365 quonam
902 2279 1004 2343 modo
1021 2299 1062 2343 ea
1079 2289 1138 2342 aut
1154 2279 1220 2343 de-

158 2384 286 2468 pellere
303 2381 496 2468 potuissetis
514 2391 571 2444 aut
592 2378 702 2444 serre?
749 2378 936 2463 Imperium
960 2378 1017 2442 ille
1039 2378 1067 2442 si
1091 2389 1218 2442 nactus

159 2483 443 2559 esset,-omitto
467 2481 592 2555 socios,
610 2491 744 2544 exteras
769 2479 935 2553 nationes,
957 2499 1071 2564 reges,
1094 2489 1219 2541 tetrar-

160 2585 264 2659 chas3
293 2595 370 2650 vota
394 2583 485 2648 enirn
508 2579 678 2654 faceretis,
696 2579 782 2642 utin
800 2601 857 2643 eos
874 2599 910 2642 se
927 2578 1037 2662 potius
1054 2577 1220 2641 immitte-

159 2695 209 2748 ret
233 2706 337 2771 quam
362 2685 397 2749 in
417 2695 548 2761 ¹uestras
567 2679 812 2765 possessiones,
831 2689 942 2742 vestra
961 2688 1062 2751 tecta,
1082 2688 1218 2742 vestras

158 2785 322 2869 pecunias
335 2783 567 2870 :—pecunias
584 2777 683 2844 dico?
708 2799 728 2841 a
745 2777 859 2841 liberis
874 2778 941 2862 (me
958 2777 1034 2841 dius
1051 2775 1165 2858 fidius)
1182 2789 1219 2843 et

158 2904 179 2948 a
195 2884 399 2972 conjugibus
412 2884 531 2949 vestris
545 2899 732 2966 numquam
746 2877 803 2940 ille
817 2876 998 2940 effrenatas
1016 2897 1096 2940 suas
1113 2876 1218 2940 libid-

157 2982 231 3048 ines
245 2985 462 3049 cohibuisset.
478 2987 481 2994 ’
504 2981 607 3068 Fingi
625 2982 712 3043 haec
725 2977 861 3063 putatis,
876 2997 965 3062 quae
978 2986 1107 3061 patent,
1121 2997 1217 3061 quae

157 3095 236 3147 nota
253 3095 330 3148 sunt
345 3083 515 3157 omnibus,
534 3103 623 3167 quae
640 3075 818 3145 tenentur?
844 3097 1018 3140 servorum
1041 3076 1216 3141 exercitus

156 3182 252 3246 illum
281 3184 315 3246 in
347 3185 431 3265 urbe
463 3182 732 3266 conscripturum
763 3177 881 3251 fuisse,
909 3196 969 3260 per
996 3197 1081 3261 quos
1105 3186 1216 3239 totam

156 3302 228 3345 rem
246 3283 418 3367 publicam
435 3302 557 3367 resque
575 3281 724 3366 privatas
751 3277 910 3352 omnium⁸
931 3273 1142 3360 possideret?
1166 3293 1215 3340 77.

134 3378 274 3463 ‘Quam
301 3384 345 3447 ob
366 3405 437 3447 rem
461 3383 489 3446 si
516 3393 694 3445 cruentum
720 3378 876 3466 gladium
902 3387 1022 3439 tenens
1044 3374 1215 3441 clamaret
1247 3440 1251 3447 ,

155 3480 201 3543 Τ.
220 3479 376 3546 Annius:
407 3480 573 3554 ‘Adeste‚
591 3500 732 3565 quaeso,
752 3489 851 3564 atque
880 3474 1007 3549 audite,
1027 3474 1141 3538 cives:
1166 3474 1217 3539 P:

155 3576 316 3643 Clodium
332 3580 506 3653 interfeci3
531 3579 604 3667 ejus
629 3578 773 3651 furores,
796 3598 882 3662 quos
900 3574 1002 3639 nullis
1022 3573 1096 3660 jam
1122 3574 1213 3661 legi-

154 3678 231 3752 bus,
250 3679 352 3743 nullis
372 3678 510 3766 judiciis
526 3677 661 3742 frenare
679 3687 886 3761 poteramus,
903 3676 968 3739 hoc
985 3674 1074 3738 ferro
1092 3685 1125 3737 et
1142 3674 1212 3739 hac

114 3839 117 3844 .
155 3778 295 3841 dextera
316 3799 335 3842 a
355 3777 543 3842 cervicibus
558 3777 679 3840 vestris
704 3775 851 3860 reppuli,
869 3796 931 3858 per
956 3795 1010 3838 me
1035 3783 1073 3837 ut
1099 3794 1211 3839 unum

151 3876 221 3963 jus,
236 3877 400 3962 aequitas,
415 3877 524 3962 leges,
539 3875 689 3949 libertas,
705 3874 827 3959 pudor,
843 3873 1006 3958 pudicitia
1019 3872 1054 3937 in
1071 3872 1211 3938 civitate

155 3974 349 4041 maneretl’
387 3986 476 4041 esset
509 3995 590 4039 vero
621 3973 823 4050 timendum,
855 3993 1005 4058 quonam
1037 3973 1139 4038 ruodo
1172 3973 1210 4075 id
