2722 4438
182 217 247 285 214
439 194 475 262 T
468 197 510 261 he
532 195 677 262 Pardon
703 195 750 283 qf
766 195 970 260 Marcellus.
1107 192 1214 261 [Mirm

179 389 458 465 vetustasz-ra.
490 407 524 461 at
536 397 627 460 ‘haec
652 396 727 483 [tua
748 394 877 484 justitia
902 405 935 460 et
956 392 1078 458 lenitas
1101 393 1213 479 animi]

180 502 336 567 florescet
362 500 484 564 cotidie
510 496 634 583 magis,
652 496 698 560 ita
726 507 763 560 ut
788 507 952 581 quantum
980 494 1046 558 tuis
1069 494 1217 578 operibus
1329 526 1330 571 1

180 601 382 677 diuturnitas
418 598 584 685 Qs
618 607 750 660 tanturn
787 595 918 659 adferat
951 594 1122 658 laudibus.
1180 593 1219 656 Et
1312 626 1316 632 ·

180 713 310 767 ceteros
334 701 472 788 quidem
491 696 601 763 omnis
625 696 770 760 victores
794 666 961 760 ffirm
986 694 1135 758 civilium
1154 693 1220 781 jam

182 813 258 866 ante
279 802 454 896 aQ
465 809 498 863 et
524 795 757 862 misericordia
781 795 934 860 viceras:
960 794 1126 859 hodierno
1147 815 1220 859 vero

181 901 235 965 die
252 912 283 965 te
300 903 413 985 ipsum
429 898 552 964 vicisti.
595 895 728 961 Vereor
743 906 787 991 uq
797 896 880 985 boc,
895 897 987 982 quod
1010 895 1136 977 dicam,
1153 916 1222 980 per·

181 1001 259 1065 inde
277 1001 427 1088 intellegi
445 998 552 1100 W
574 997 727 1061 auditum
752 992 853 1083 &qq—e
877 997 951 1081 ipse
975 997 1131 1084 cogitans
1153 1017 1222 1061 sen-

180 1101 246 1164 tio:
279 1100 388 1185 ipsam
404 1100 581 1165 victoriam
598 1097 722 1162 vicisse
738 1081 1037 1210 vidorisffla
1060 1117 1147 1183 quae
1169 1096 1222 1159 illa

181 1201 392 1310 erpppdepta
407 1200 504 1264 victis
521 1197 692 1263 remisisti.
741 1195 835 1281 Nam
852 1218 929 1262 cum
947 1198 1056 1282 ipsius
1072 1197 1222 1261 victoriae

181 1300 380 1364 condicione
404 1320 524 1363 omnes
540 1298 621 1363 victi
646 1320 666 1362 o
690 1296 905 1372 cidissemus,
925 1296 1129 1361 clementiae
1152 1306 1222 1360 tuae

175 1399 305 1486 judicio
322 1399 512 1464 conservati
530 1318 950 1484 sumuswigitur
973 1419 1064 1461 unus
1088 1396 1222 1561 iqffls

180 1520 264 1575 es,a
281 1520 348 1585 quo
365 1499 468 1564 etiam
484 1499 592 1584 ipsius
608 1497 770 1563 victoriae
788 1497 944 1562 condicio
961 1497 1083 1583 visque
1124 1495 1223 1560 evicta

125 1608 127 1613 ’
180 1610 242 1663 est.
1051 1664 1057 1673 „

224 1720 261 1764 v.
286 1714 328 1760 ra.
351 1698 465 1786 Atque
483 1698 549 1763 hoc
565 1697 608 1763 C.
628 1696 789 1762 Caesaris
810 1696 991 1785 judicium,
1013 1707 1130 1782 patres
1151 1716 1222 1760 con-

145 1864 148 1870 ,
180 1799 428 1917 scriptiqquam
447 1801 513 1863 late
533 1808 649 1900 Q
668 1799 841 1861 attendite.
892 1795 1023 1861 Omnes
1049 1797 1154 1870 euim,
1172 1794 1222 1880 qui

181 1899 224 1963 ad
242 1900 299 1963 illa
312 1906 412 1962 ‘arma
429 1899 497 1963 sato
514 1919 633 1963 sumus
649 1898 766 1962 nescio
779 1919 846 1984 quo
864 1897 912 1961 rei
930 1894 1090 1981 publi'cae
1108 1896 1222 1961 misero

180 1997 380 2084 funestoque
398 1997 578 2082 compulsi,
597 1997 659 2061 etsi
678 1997 792 2082 aliqua
811 1998 913 2080 culpa
932 2008 1091 2061 tenemur
1110 1995 1223 2060 erroris

181 2099 335 2171 humani,
355 2099 482 2193 Q
500 2110 590 2162 certe
615 2097 747 2161 liberati
772 2119 903 2161 sumus.
952 2096 1046 2160 Nam
1074 2118 1152 2162 cum
1175 2092 1221 2158 M.

180 2197 386 2262 Marcellum
404 2194 665 2282 deprecantibus
683 2196 779 2261 vobis
797 2196 846 2260 rei
873 2196 1029 2282 publicae
1050 2215 1223 2262 conserva-

180 2300 239 2372 vit,
259 2320 312 2361 me
329 2297 460 2360 etmihi
478 2298 606 2362 etitem
624 2298 673 2361 rei
698 2297 870 2381 publicae,
891 2298 984 2362 nullo
1008 2298 1221 2383 deprecante,

180 2399 327 2484 reliquos
345 2398 572 2481 amplissimos
589 2397 679 2462 viros
698 2409 730 2461 et
747 2397 809 2461 sibi
828 2398 920 2482 ipsos
944 2408 976 2461 et
999 2399 1132 2483 patriae
1155 2395 1223 2461 red·

180 2498 282 2562 didit:
312 2519 455 2583 quorum
474 2508 507 2561 et
530 2497 755 2583 frequentiam
782 2509 816 2562 et
839 2498 1040 2585 dignitatem
1066 2500 1133 2563 hoc
1156 2498 1222 2581 ipso

179 2599 214 2662 in
232 2620 393 2689 consessu
409 2597 542 2661 videtis.
588 2597 669 2661 Non
687 2598 744 2661 ille
762 2598 867 2662 hostis
885 2599 1017 2663 induxit
1032 2597 1068 2662 in
1086 2598 1220 2670 curiam,

180 2698 240 2762 sed
260 2697 425 2785 judicavit
454 2717 474 2761 a
503 2698 675 2784 plerisque
705 2698 919 2784 ignoratione
949 2699 1060 2783 potius
1085 2711 1120 2764 et
1144 2698 1222 2789 {also

180 2811 280 2884 atque
298 2798 391 2860 inani
409 2809 499 2884 Qu
517 2820 621 2885 quam
645 2799 829 2883 cupiditate
856 2810 913 2863 aut
937 2800 1136 2865 'erudelitate
1159 2798 1223 2863 bel-

179 2900 249 2963 lum
268 2919 342 2962 esse
359 2910 568 2982 susceptum.
617 2916 659 2963 14.
683 2898 764 2984 Qo
782 2901 919 2985 quidem
936 2899 970 2964 in
988 2901 1078 2964 bello
1095 2917 1223 2983 semper

179 3000 222 3064 de
239 3020 324 3083 pace
341 2998 550 3061 audiendum
569 2999 698 3082 putavi,
715 3021 917 3086 semperque
936 3000 1028 3067 dolui
1045 3023 1115 3065 non
1130 2998 1222 3063 modo

180 3121 314 3193 pacem,
344 3098 405 3163 sed
432 3098 534 3161 etiam
561 3099 749 3163 orationem
775 3100 900 3163 civium
926 3122 1047 3185 pacem
1072 3100 1222 3189 flagitan-

178 3199 261 3262 tium
279 3197 463 3282 repudiari.
498 3197 623 3285 Neque
640 3200 731 3263 enim
749 3221 815 3286 ego
828 3200 886 3264 illa
900 3222 964 3266 nec
980 3202 1049 3265 ulla
1066 3218 1222 3287 umquam

180 3309 315 3362 secutus
344 3321 419 3362 sum
449 3319 545 3363 arma
574 3300 707 3373 civilia3
746 3322 949 3388 semperque
979 3322 1055 3365 mea
1088 3298 1222 3365 consilia

173 3399 274 3482 pacis
292 3409 325 3462 et
340 3409 442 3487 Q
459 3400 565 3475 socia,
584 3422 653 3464 non
669 3400 750 3464 belli
768 3412 868 3486 atque
886 3422 1063 3465 armorum
1080 3400 1219 3465 suerunt.

30 3486 69 3593 ’λ
133 3484 167 3527 '¹‘
182 3488 460 3562 Homineni's'u‘r'n
486 3513 623 3565 secutus
648 3501 778 3585 privato
804 3500 958 3575 consilio,
978 3523 1045 3565 non
1070 3500 1203 3585 publico
1212 3518 1221 3569 ;

178 3608 378 3683 tantumque
396 3600 486 3682 apud
504 3622 558 3664 me
575 3600 663 3687 grati
681 3600 784 3663 animi
803 3600 912 3665 fidelis
930 3600 1095 3664 memoria
1108 3598 1218 3670 valuit,

179 3709 215 3762 ut
246 3698 341 3761 nulla
373 3719 441 3761 non
473 3700 574 3764 modo
607 3700 803 3784 cupiditate,
831 3699 891 3764 sed
920 3721 962 3763 ne
987 3721 1047 3783 spe
1075 3700 1219 3784 quidem,
1329 3770 1330 3783 χ

179 3799 330 3882 prudens
352 3807 384 3860 et
409 3796 519 3861 sciens
542 3809 717 3884 tamquam
745 3799 787 3863 ad
814 3798 984 3862 interitum
1007 3820 1143 3898 Q
1169 3816 1222 3858 vo·
1277 3840 1279 3847 ,

179 3897 373 3959 luntarium.
421 3913 461 3958 15.
486 3894 589 3978 Qod
606 3898 743 3982 quidem
762 3920 874 3961 meum
893 3898 1072 3961 consilium
1092 3896 1220 3987 miuiupe

1217 4232 1330 4368 ml
