2760 4448
184 272 229 338 30
460 255 719 347 Impeacbment
741 258 788 344 {ff
814 256 949 324 Verres.
1084 255 1195 326 [Vena.
1210 257 1234 311 Ι.

183 456 373 542 impediunt
404 458 495 543 quod
527 458 659 524 nobiles
692 468 783 535 sunt,
813 480 918 544 quam
948 457 1115 544 adjuvant
1141 459 1236 546 quod

184 558 253 622 noti
270 569 358 622 sunt.
409 558 557 622 Simulat
573 580 609 623 se
626 580 744 624 eorum
763 558 937 643 praesidio
954 559 1139 635 confidere,
1155 581 1236 627 cum

183 656 312 721 interea
329 657 423 722 aliud
439 658 602 743 quiddam
615 658 686 746 jam
705 658 764 723 diu
782 657 1010 722 machinetur:

228 773 270 820 lo.
295 755 411 842 Qam
425 778 520 842 spem
534 779 627 822 nunc
640 758 767 822 habeat
779 756 814 821 in
829 756 1000 834 manibus,
1016 759 1146 845 etquid
1164 781 1238 825 rno-

184 855 297 931 liatur,
311 857 458 922 breviter
466 858 552 944 jam,
563 857 712 945 judices,
725 857 822 922 vobis
835 878 1029 943 exponam:
1050 861 1112 925 sed
1125 861 1236 945 prius,

183 967 221 1023 ut
236 957 280 1022 ab
297 956 391 1022 initio
407 977 461 1022 res
478 957 522 1021 ab
538 977 579 1022 eo
596 956 776 1021 constituta
793 957 848 1033 sit,
866 978 1007 1047 quaeso,
1023 960 1236 1048 cognoscite.

185 1055 234 1122 Ut
263 1056 411 1141 primum
443 1077 462 1121 e
493 1055 672 1141 provincia
703 1056 817 1132 rediit,
846 1058 1037 1144 redemptio
1060 1072 1111 1124 est
1134 1059 1239 1147 hujus

191 1154 298 1242 judici
328 1155 417 1219 facta
445 1154 569 1243 grandi
597 1156 757 1240 pecunia.
790 1156 947 1223 'Mansit
972 1158 1008 1221 in
1034 1158 1240 1224 condicione

186 1267 287 1339 atque
303 1265 405 1339 pacto
420 1275 530 1341 usque
552 1256 698 1321 adeum
723 1258 941 1351 finem,·dum
962 1256 1097 1345 judices
1120 1259 1240 1345 rejecti

186 1364 275 1418 sunt.
324 1353 448 1419 Postea
464 1375 570 1441 quam
587 1355 725 1443 rejectio
745 1356 900 1445 judicum
917 1357 1007 1422 facta
1031 1346 1241 1443 est-quod

186 1463 219 1516 et
246 1451 281 1516 in
309 1454 481 1519 sortitione
510 1454 607 1520 istius
635 1478 732 1541 spem
761 1457 896 1521 fortuna
924 1457 1041 1542 populi
1070 1458 1240 1533 Romani,

187 1562 220 1617 et
255 1552 290 1617 in
327 1553 510 1620 reiciendis
535 1556 719 1642 judicibus
756 1576 833 1620 mea
870 1556 1063 1643 diligentia,
1096 1556 1242 1622 istorum

185 1653 434 1740 impudentiam
474 1655 860 1721 vicerat-renuntiata
888 1667 939 1721 est
966 1668 1034 1722 tota
1064 1657 1239 1725 condicio.

185 1771 226 1819 ιτ.
250 1754 433 1821 Praeclare
457 1777 494 1822 se
518 1778 574 1821 res
599 1756 759 1821 habebat.
808 1755 935 1820 Libelli
959 1757 1137 1822 nominum
1163 1779 1243 1823 ves·

186 1867 328 1933 trorum,
352 1856 543 1943 consilique
566 1856 681 1944 hujus,
707 1855 742 1920 in
767 1856 925 1921 manibus
949 1866 1046 1920 erant
1069 1857 1240 1922 omnium.

187 1955 294 2021 Nulla
318 1968 412 2030 nota,
431 1958 547 2022 nullus
571 1957 677 2030 color,
697 1956 813 2021 nullae
829 1956 948 2021 sordes
964 1956 1169 2020 videbantur
1185 1957 1244 2023 his

187 2057 362 2122 sententiis
391 2057 496 2122 adlini
524 2077 626 2142 posse
639 2078 655 2130 ι,
681 2077 760 2121 curn
789 2056 852 2121 iste
880 2066 1033 2141 repente,
1060 2076 1105 2119 ex
1133 2056 1243 2121 alacri

187 2169 288 2243 atque
317 2158 420 2232 laeto,
446 2157 495 2221 sic
519 2167 593 2221 erat
616 2155 756 2239 humilis
782 2166 882 2240 atque
905 2154 1088 2230 demissus,
1109 2166 1147 2219 ut
1170 2177 1243 2223 non

187 2259 290 2327 tnodo
314 2258 442 2343 populo
466 2258 642 2331 Romano,
667 2256 728 2320 sed
753 2255 854 2320 etiam
879 2254 1056 2339 sibiipse,
1078 2256 1244 2332 condem-

186 2370 286 2423 natus
302 2358 485 2423 videretur.
535 2356 628 2421 Ecce
646 2366 760 2420 autem
776 2366 928 2439 repente,
948 2354 1138 2420 hisdiebus
1154 2377 1243 2440 pau-

187 2459 237 2525 cis
272 2458 416 2524 comitiis
453 2456 692 2522 consularibus
727 2454 839 2528 factis,
873 2456 994 2519 eadem
1031 2455 1092 2519 illa
1121 2466 1243 2521 vetera

187 2559 329 2624 consilia
352 2557 500 2644 pecunia
523 2556 653 2643 majore
677 2565 897 2639 repetuntur3
926 2556 1138 2641 eaedemque
1162 2576 1241 2620 ves·

186 2669 258 2724 trae
283 2658 396 2723 famae
420 2656 632 2742 fortunisque
656 2655 811 2720 omnium
835 2654 981 2719 insidiae
1008 2676 1070 2739 per
1097 2656 1241 2721 eosdem

187 2759 344 2824 homines
360 2768 614 2843 comparantur.
665 2752 768 2840 Qae
786 2775 840 2819 res
856 2754 979 2839 primo,
994 2753 1142 2841 judicem
1161 2776 1241 2840 per-

186 2860 279 2926 tenui
299 2859 397 2944 nobis
417 2868 621 2946 argumento
641 2854 836 2939 indicioque
857 2853 1028 2939 patefacta
1052 2865 1122 2918 est:
1147 2866 1239 2939 post,

187 2973 305 3047 aperto
325 2959 528 3045 'suspitionis
556 2956 707 3028 introitu,
732 2954 776 3018 ad
804 2954 922 3018 omnia
949 2953 1068 3018 intima
1096 2953 1240 3019 istorum

187 3062 329 3131 consilia
343 3056 521 3126 vsine''ullo
545 3077 659 3123 errore
687 3053 921 3140 pervenimus.

231 3182 296 3226 vn.
321 3172 362 3225 ιθ.
386 3160 493 3235 Nam,
511 3168 550 3225 ut
570 3154 788 3230 Hortensius,
809 3153 928 3218 consul
946 3152 1159 3240 designatus,
1177 3153 1240 3218 do-

187 3283 280 3325 mum
305 3262 531 3327 reducebatur
555 3277 573 3323 e
598 3256 747 3342 Camp0,
766 3276 846 3321 cum
870 3253 1023 3317 maxima
1049 3252 1239 3338 frequentia

96 3399 101 3406 ·
187 3382 229 3426 ac
261 3362 486 3437 multitudine,
520 3360 559 3424 fit
587 3357 724 3424 obviarn
757 3376 841 3420 casu
873 3353 905 3418 ei
944 3352 1151 3417 multitudini
1193 3351 1236 3418 C.

188 3460 314 3535 Curi03
354 3482 455 3547 quem
488 3481 555 3547 ego
587 3457 761 3523 hominem
794 3448 950 3520 honoris'
970 3451 1100 3539 [potius
1134 3472 1239 3538 quam

85 3613 88 3616 .
188 3560 432 3647 contumeliae]
456 3581 560 3625 causa
585 3558 797 3625 nominatum
821 3556 912 3620 volo.
962 3552 1097 3617 Etenim
1123 3573 1164 3615 ea
1189 3552 1240 3616 di-

189 3664 385 3748 cam‚'quae
402 3649 472 3732 ille,
488 3659 515 3724 si
534 3653 794 3724 commemorari
812 3655 990 3728 noluisset,
1008 3675 1077 3718 non
1094 3664 1187 3717 tanto
1203 3651 1240 3716 in

189 3752 370 3836 conventu,
390 3773 457 3824 tam
477 3772 591 3843 aperte
609 3760 793 3844 palamque
818 3755 979 3847 dixisset:
1010 3775 1099 3839 quae
1124 3765 1240 3817 tamen

190 3884 211 3928 a
242 3885 296 3928 me
319 3860 524 3948 pedetentim
550 3871 717 3943 cauteque
741 3857 916 3927 dicentum
948 3864 1042 3918 utet
1066 3853 1239 3918 amicitiae

190 3976 338 4037 nostrae,
350 3971 383 4027 et
392 3957 566 4044 dignitatis
577 3956 680 4029 illius,
694 3955 809 4019 habita
821 3954 906 4017 ratio
918 3974 993 4017 esse
1004 3952 1237 4040 intellegatur.
