2722 4438
120 275 186 366 246
316 328 320 335 .
342 276 414 345 The
436 278 608 369 Struggla
631 284 773 370 agmins!
794 283 949 373 Antony.
967 285 1072 356 lPfflb·
1085 290 1170 344 xlv.

119 487 277 543 aetatem.
325 477 381 544 Ac
408 478 491 544 mihi
523 502 659 566 semper
690 503 731 549 eo
763 484 894 572 majora
924 487 1093 556 beneficia
1124 491 1170 558 C.

118 575 280 642 Caesaris
295 578 475 654 visasunt,
494 600 561 665 quo
579 581 690 647 minus
707 593 806 648 erant
821 585 865 648 ab
882 597 992 651 aetate
1009 589 1068 654 illa
1091 612 1172 676 pos·

117 676 270 741 tulanda.
297 675 364 742 Cui
382 698 460 742 cum
476 678 657 764 imperium
675 682 857 760 dabamus,
875 687 999 752 eodem
1015 699 1171 775 tempore

118 776 220 841 etiam
237 797 333 860 spem
351 776 424 864 ejus
440 778 587 844 nominis
597 779 859 848 deferebamus:
879 788 971 871 quod
987 809 1066 853 curn
1080 800 1172 856 esset

118 886 334 950 consecutus,
367 877 601 942 auctoritatem
634 880 739 945 nostri
771 882 898 949 decreti
929 887 1031 953 rebus
1062 890 1171 977 gestis

118 974 188 1040 suis
205 975 450 1060 comprobavit
479 975 548 1042 Hic
564 980 872 1067 ergo'adulescens
889 987 1030 1052 maximi
1048 989 1168 1065 animi,

116 1084 154 1139 ut
168 1073 344 1140 verissime
361 1075 478 1142 scribit
495 1076 639 1155 Hirtius,
657 1090 773 1147 castra
789 1085 975 1171 multarum
992 1087 1170 1175 legionum

117 1173 236 1259 paucis
266 1175 464 1243 cohortibus
486 1187 612 1245 tutatus
634 1191 700 1258 est,
719 1185 978 1272 secundumque
1002 1189 1171 1272 proelium

117 1272 208 1338 fecit.
258 1273 310 1339 Ita
333 1276 435 1342 trium
458 1276 703 1363 imperatorum
724 1283 861 1360 virtute,
883 1286 1039 1362 consilio,
1062 1288 1172 1352 felici·

117 1384 184 1439 tate
207 1395 277 1440 uno
301 1375 356 1441 die
379 1377 464 1444 locis
484 1378 640 1465 pluribus
659 1403 715 1447 res
731 1384 870 1469 publica
887 1396 938 1450 est
951 1399 1168 1453 conservata.

117 1492 168 1539 xr.
200 1492 248 1541 aa.
279 1475 439 1544 Decerno
477 1478 583 1567 igitur
616 1501 737 1547 eorurn
768 1483 870 1547 trium
902 1486 1040 1551 nomine
1070 1488 1172 1573 quin·

116 1576 281 1664 quaginta
313 1577 445 1643 dierum
470 1579 759 1665 supplicationesr
795 1602 931 1659 causas,
949 1595 987 1648 ut
1009 1584 1172 1651 honorifi-

117 1677 320 1744 centissimis
347 1678 460 1744 verbis
488 1680 653 1768 consequi
680 1692 835 1767 potuero,
857 1685 1067 1771 complectar
1094 1685 1172 1772 ipsa

116 1777 293 1842 sententia.

161 1875 223 1941 Est
240 1888 352 1942 autem
369 1877 449 1944 fidei
471 1878 674 1966 pietatisque
698 1891 834 1948 nostrae
859 1882 1036 1949 declarare
1058 1884 1172 1952 fortis·

117 1974 212 2043 simis
235 1977 409 2054 militibus,
427 1999 531 2065 quam
550 2001 719 2046 memores
736 1981 844 2047 simus
867 2003 1041 2070 quamque
1064 1986 1167 2073 grati.

118 2073 235 2161 Qum
248 2077 383 2150 obrem
400 2078 568 2163 promissa
584 2092 712 2157 nostra,
732 2092 833 2167 atque
850 2102 891 2147 ea
911 2099 1000 2169 quae
1023 2085 1171 2172 legioni·

116 2176 181 2241 bus
210 2176 302 2241 bellu
329 2177 485 2244 confecto
515 2179 698 2245 tributuros
729 2202 794 2245 nos
825 2183 1086 2267 spopondimus,
1108 2186 1170 2251 bo·
1263 2181 1272 2240 s

117 2277 236 2345 dierno
260 2289 401 2343 senatus
428 2280 584 2345 consulto
613 2283 813 2347 renovanda
841 2303 987 2348 censeo:
1018 2305 1169 2371 aequum

117 2388 168 2443 est
198 2377 290 2443 enim
322 2378 479 2455 militurn,
503 2380 624 2445 talium
655 2382 868 2469 praesertim,
890 2384 1054 2449 honorem
1087 2407 1170 2451 con·

77 2546 80 2549 ,
124 2477 237 2566 jungi.
285 2496 334 2544 ao.
356 2478 472 2565 Atque
488 2480 632 2556 utinam,
650 2493 765 2566 patres
782 2481 976 2568 conscripti,
996 2481 1164 2573 [civibus]

116 2580 275 2646 omnibus
299 2582 429 2647 solvere
457 2579 557 2646 nobis
579 2580 734 2666 praemia
757 2581 894 2646 liceretl
943 2581 1168 2671 Quamquam

116 2701 179 2745 nos
196 2701 236 2745 ea
253 2703 342 2768 quae
359 2679 578 2767 promisimus
595 2680 745 2746 studiose
769 2682 943 2746 cumulata
967 2683 1164 2750 reddemus.

116 2778 188 2845 Sed
218 2781 252 2846 id
284 2783 422 2868 quidem
454 2790 559 2845 restat
585 2780 641 2867 (ut
673 2779 792 2869 spero)
819 2781 1014 2856 victoribus,
1042 2785 1167 2869 quibus

116 2892 253 2947 senatus
273 2884 358 2949 fides
377 2881 625 2969 praestabitur:
658 2901 763 2967 quam
787 2881 949 2967 quoniam
963 2882 1167 2949 difficillimo

115 2980 164 3046 rei
189 2984 347 3068 publicae
370 2993 523 3066 ternpore
541 2980 648 3046 secuti
667 2991 757 3056 sunt,
776 3001 835 3045 eos
854 2998 1042 3067 numquam
1065 3004 1168 3067 opor-

115 3082 198 3147 tebit
213 3084 333 3149 consili
349 3084 402 3149 sui
418 3081 605 3168 paenitere.
654 3079 727 3146 Sed
751 3080 851 3145 facile
875 3091 926 3145 est
947 3081 1036 3147 bene
1059 3102 1166 3170 agere

114 3202 193 3246 cum
213 3185 299 3249 cisa
317 3184 440 3271 quibus
468 3182 570 3247 etiam
595 3180 788 3247 tacentibus
813 3179 960 3267 flagitari
986 3181 1167 3247 videmur:

115 3281 199 3349 illud
223 3284 458 3350 admirabilius
481 3294 515 3348 et
536 3280 650 3370 majus
673 3280 903 3367 maximeque*
913 3279 1090 3365 proprium
1112 3303 1168 3347 se-

114 3392 215 3447 natus
242 3385 405 3468 sapientis
435 3393 499 3459 est,
528 3394 627 3470 grata
658 3402 777 3447 eorum
810 3380 969 3445 virtutem
999 3381 1167 3446 memoria

115 3481 287 3567 prosequi,
311 3484 369 3569 qui
396 3505 458 3569 pro
483 3481 593 3568 patria
616 3480 722 3546 vitam
746 3480 982 3567 profuderunt.

159 3597 200 3645 31.
231 3579 387 3665 Quorum
401 3583 444 3646 de
457 3582 585 3646 honore
598 3581 728 3645 utinam
745 3579 828 3644 mihi
846 3579 946 3665 plura
962 3577 999 3642 in
1014 3588 1166 3643 mentem

113 3679 290 3746 venirentl
337 3680 416 3746 Duo
444 3692 535 3746 certe
563 3702 632 3745 non
664 3679 869 3764 praeteribo,
893 3698 982 3765 quae
1013 3677 1167 3744 maxime

114 3790 317 3846 occurrunt:
341 3801 487 3866 quorum
504 3779 647 3855 alterum
665 3778 811 3863 pertinet
827 3778 871 3843 ad
887 3778 1038 3844 virorum
1055 3777 1168 3843 fortis·

114 3876 279 3942 simorum
298 3877 444 3965 gloriam
461 3877 716 3961 sempiternam,
735 3876 879 3941 alterum
897 3877 942 3942 ad
964 3877 1167 3943 leniendum

115 3995 306 4040 maerorem
330 3985 363 4039 et
381 3975 509 4038 luctum
533 3974 780 4058 proximorum.
