2722 4438
112 293 219 363 v.15.]
379 295 573 385 Malrgnz‘ty
598 303 645 384 of
658 301 714 365 tlte
744 300 895 389 Chorge.
1100 322 1161 391 225

112 515 191 559 cum
208 493 344 580 optimis
360 495 531 573 fratribus,
550 519 594 563 ne
619 521 697 564 cum
722 503 788 567 hoc
811 502 855 567 T.
875 501 1032 570 Broccho
1057 526 1182 569 avun-·

112 594 203 668 culo,
220 614 266 659 ne
288 615 366 659 cum
389 596 462 682 ejus
490 598 560 663 filio
588 601 791 667 consobrino
820 624 895 680 suo,
915 625 958 668 ne
986 605 1164 670 nobiscum

110 692 226 757 vivat?
250 716 293 758 ne
311 695 353 759 sit
368 694 402 758 in
419 696 552 780 patria?
598 698 692 763 Num
711 699 783 766 est?
811 722 893 766 num
918 715 1029 789 potest
1054 706 1164 792 magis

111 812 231 857 carere
259 793 312 858 his
341 796 498 861 omnibus
526 820 629 884 quam
660 800 774 865 caret?
821 802 921 866 Italia
945 805 1164 888 prohibetur3

111 893 262 971 exsulat.¹
309 893 390 958 Non
407 905 442 978 tu
459 919 543 984 ergo
560 919 638 962 eum
664 901 773 984 patria
799 902 948 986 privare,
966 925 1034 989 qua
1059 916 1163 979 caret,

112 993 175 1058 sed
191 993 258 1057 vita
274 994 336 1058 vis.
384 1013 426 1059 12.
444 986 505 1067 'At
521 998 610 1063 istud
627 1018 670 1063 ne
689 1001 780 1085 apud
802 1023 881 1068 eum
901 1003 1040 1087 quidem
1061 1005 1167 1069 dicta·

111 1104 234 1169 torem,
257 1093 318 1179 qu'r
346 1097 457 1160 omnis
489 1118 574 1182 quos
603 1090 721 1163 oderat
746 1111 853 1179 morte
879 1103 1056 1178 multabat,
1075 1103 1166 1188 quis·

112 1213 217 1280 quam
235 1194 306 1280 egit
321 1194 385 1265 isto
401 1197 526 1285 modo.)
555 1197 634 1286 Ipse
656 1199 798 1285 jubebat
815 1201 924 1265 occidi
941 1203 1036 1266 nullo
1053 1213 1167 1287 postu-

112 1295 205 1358 lante
218 1316 227 1368 3
253 1296 414 1379 praemiis
429 1297 529 1361 etiam
544 1297 728 1365 invitabat:
754 1321 842 1385 quae
856 1310 970 1365 tamen
985 1302 1166 1366 crudelitas

113 1395 158 1458 ab
176 1396 241 1459 hoc
258 1397 380 1460 eodem
400 1397 530 1484 aliquot,
553 1399 652 1462 annis
679 1410 766 1484 post,
785 1421 887 1484 quem
913 1412 948 1464 tu
974 1421 1066 1465 nunc
1091 1422 1168 1465 cru-

112 1494 228 1559 delem
245 1517 320 1560 esse
337 1496 401 1572 vis,
415 1496 588 1561 vindicata
607 1508 668 1562 est.
710 1519 748 1562 v.
778 1499 879 1585 ‘Ego
894 1521 976 1564 vero
993 1499 1081 1564 istud
1098 1522 1166 1564 non

112 1597 273 1680 postulo‚'
289 1596 433 1683 inquies.
477 1598 544 1668 ,Ita
570 1620 623 1661 me
649 1599 790 1663 hercule
818 1600 988 1675 existimo,
1012 1600 1165 1665 Tubero,

111 1695 207 1761 Novi
235 1686 312 1760 eni,
352 1696 499 1761 tenovi
528 1707 674 1782 patrem,
699 1698 777 1763 novi
807 1699 945 1763 domum
972 1722 1167 1787 nomenque

111 1719 598 1882 vestrum;rsstt1‘i‘‹iii⁹generis
624 1819 666 1862 ac
690 1798 840 1862 familiae
865 1809 997 1863 vestrae
1021 1776 1166 1875 viriutis,

111 1896 347 1972 humanitatis,
368 1897 554 1972 doctrinae,
574 1897 799 1982 plurimarum
818 1898 939 1961 artium
957 1910 1059 1985 atque
1083 1902 1168 1984 opti-

111 2017 262 2071 marum,
282 2008 361 2061 nota
379 1996 462 2060 mihi
479 1986 568 2060 sunt.
616 2011 657 2058 13.
689 1997 806 2084 Itaque
822 2010 916 2063 certo
933 1999 1003 2064 scio
1021 2022 1080 2065 vos
1100 2022 1167 2064 non

111 2107 230 2181 petere
258 2097 478 2184 sanguinem,
502 2097 563 2161 sed
593 2118 714 2181 parum
742 2098 924 2163 attenditis.
974 2099 1046 2164 Res
1076 2101 1167 2164 enim

111 2217 154 2261 eo
172 2208 315 2281 spectat,
333 2209 370 2261 ut
386 2217 427 2261 ea
445 2217 568 2281 poena,
587 2196 622 2259 in
639 2217 707 2283 qua
725 2198 838 2262 adhuc
857 2196 1083 2286 QLigarius
1103 2211 1166 2272 est,

110 2318 183 2361 non
215 2296 401 2362 videamini
430 2317 506 2360 esse
536 2297 714 2394 contentip
760 2295 860 2380 Quae
889 2309 940 2362 est
968 2298 1072 2390 igitur
1100 2299 1168 2363 alia

111 2406 252 2480 praeter
281 2394 447 2461 mortem?
494 2393 532 2459 Si
562 2395 653 2458 enim
683 2407 733 2460 est
760 2397 795 2459 in
823 2397 958 2472 exsili0‚
980 2398 1077 2462 sicuti
1102 2410 1166 2473 est,

111 2496 195 2581 quid
225 2497 372 2580 amplius
397 2493 597 2579 postulatis?
643 2493 714 2571 An,
744 2517 787 2559 ne
819 2496 1038 2582 ignoscatur?
1090 2498 1168 2562 Hoc

112 2618 196 2660 vero
218 2598 324 2660 multo
349 2594 505 2659 acerbius
532 2595 704 2681 multoque
725 2606 775 2659 est
798 2596 926 2659 durius.
977 2595 1080 2679 Qod
1105 2619 1167 2661 nos

117 2695 247 2783 [domi]
280 2696 427 2782 petimus
460 2694 631 2779 precibus,
662 2693 824 2770 lacrimis,
853 2695 945 2758 strati
974 2698 1017 2758 ad
1046 2697 1164 2778 pedes,

112 2809 272 2862 nontam
305 2807 440 2882 nostrae
473 2815 598 2858 causae
622 2795 765 2887 ἷζε-195168
789 2772 1016 2881 ᾳυεῃυῇυε
1046 2797 1167 2858 huma-

111 2897 222 2972 nitati,
251 2897 287 2962 id
313 2918 356 2961 ne
381 2897 602 2981 impetremus
628 2885 859 2981 oppugnabis,
884 2905 916 2958 et
947 2894 981 2957 in
1013 2905 1164 2957 nostrum

110 2997 228 3062 fletum
254 2999 442 3082 inrumpeS‚
461 3005 495 3059 et
518 3016 579 3058 nos
601 2995 614 3081 j
640 2995 747 3077 centis
762 2995 816 3058 'ad
841 2994 945 3078 pedes
970 2993 1165 3078 supplicum

110 3120 196 3164 voce
213 3096 434 3185 prohibebis?
479 3112 522 3159 14.
548 3016 778 3170 ὃίἶέᾗηᾚοε
795 3095 887 3158 domi
905 3093 1109 3167 faceremus,
1121 3131 1165 3141 -

110 3200 203 3284 quod
226 3210 260 3263 et
282 3199 426 3263 fecimus
451 3207 495 3272 et,
514 3207 550 3260 ut
575 3216 687 3280 spero,
708 3217 776 3259 non
801 3194 925 3257 frustra
949 3192 1105 3268 fecimus
1120 3230 1165 3241 —

110 3308 145 3362 tu
162 3309 303 3384 repente
320 3298 489 3390 inruisses
501 3307 533 3360 et
549 3297 700 3360 clamare
718 3293 912 3378 coepisses:
937 3292 997 3357 Ὃ.
1018 3291 1161 3368 Caesar,

110 3418 194 3462 cave
219 3399 395 3486 ignoscas,
414 3407 549 3487 cavete
565 3396 705 3486 fratrum
724 3417 785 3479 pro
802 3393 914 3457 fratris
934 3393 1042 3457 salute
1067 3393 1164 3458 obse-

110 3499 284 3561 crantium
306 3498 489 3579 mise-reatss
517 3517 629 3560 nonne
647 3516 783 3558 omnem
807 3492 1053 3559 humanitatem
1080 3488 1184 3557 earu-⁶

109 3595 217 3661 isses?
270 3595 410 3681 Quanto
434 3598 500 3659 hoc
524 3595 653 3669 durius,
680 3595 772 3680 quod
798 3616 860 3658 nos
885 3593 978 3658 domi
1002 3593 1160 3677 petimus,

109 3695 142 3759 id
167 3707 199 3761 te
225 3696 260 3759 in
286 3699 357 3760 foro
380 3715 597 3781 oppugnare,
621 3706 652 3757 et
676 3695 709 3756 in
734 3694 793 3756 tali
818 3694 954 3757 miseria
980 3693 1162 3755 multorum

109 3796 304 3882 perfugium
324 3794 577 3860 misericordiae
601 3791 739 3857 tollere!
790 3792 912 3857 Dicam
938 3794 1054 3877 plane,
1074 3790 1163 3855 Cae·

110 3916 177 3971 sar,
201 3897 293 3982 quod
323 3896 442 3960 sentio.
494 3912 535 3956 15.
563 3892 601 3957 Si
628 3893 662 3955 in
699 3892 801 3980 [hac]
828 3904 920 3956 tanta
945 3903 1003 3956 tua
1027 3891 1163 3955 fortuna

109 3995 229 4062 lenitas
246 4007 340 4060 tanta
358 4018 425 4060 non
443 4006 544 4071 esset,
564 4013 666 4079 quam
684 4003 718 4056 tu
736 4015 797 4078 per
813 4003 857 4069 te,
880 4014 941 4077 per
956 4002 988 4056 te
1005 3991 1160 4079 inquam,

621 4090 736 4181 W
928 4118 932 4122 ·

542 4204 560 4215 ..
643 4186 656 4209 ο
695 4172 720 4203 ,⁰
778 4158 847 4177 '⁴¹‘

597 4220 724 4267 ww„

533 4266 669 4291 ‘¹“1
713 4276 720 4287 ι

597 4294 692 4339 .·,¹
