2722 4438
232 308 294 379 192
581 290 739 377 Drffence
762 292 810 377 aff
822 292 927 358 ΜιἸο.
1176 291 1258 362 [Mlti

228 499 363 555 vatores
380 487 521 565 domini,
539 489 666 556 ultores
682 490 833 566 sceleris,
852 491 1049 559 defensores
1065 493 1172 560 necis.
1212 496 1262 562 Hic
1334 550 1335 555 ,

228 611 311 656 vero
327 589 412 654 nihil
429 590 533 654 habet
548 589 582 653 in
600 590 653 654 his
670 590 769 655 malis
785 592 876 677 quod
893 592 1006 657 minus
1023 594 1165 660 moleste
1182 595 1261 672 serat,

229 711 346 777 quam,
365 689 466 754 etiam
483 689 512 754 si
529 689 609 776 quid
626 690 690 774 ipsi
708 690 853 767 accidat,
873 712 949 756 esse
966 702 1081 757 tamen
1098 694 1166 760 illis
1182 696 1264 761 meri·

228 802 299 855 tum
317 788 506 874 praemium
523 790 746 875 persolutum.

274 905 319 952 aa.
344 887 415 953 Sed
431 889 648 975 quaestiones
664 899 789 976 urgent
805 889 987 968 Milonem,
1000 884 1095 980 ‘quae
1120 905 1199 960 sunt
1220 896 1267 960 ha·

228 992 317 1058 bitae
335 990 478 1055 nuncin
496 989 580 1053 atrio
597 988 792 1054 Libertatis.
843 989 1061 1075 Quibusnam
1084 994 1266 1061 de‘servis?

228 1090 354 1180 rogas?
386 1091 430 1155 de
453 1090 493 1155 P.
521 1088 633 1155 Clodi.
682 1087 770 1172 Quis
795 1111 854 1156 eos
882 1093 1085 1177 postulavit?
1130 1093 1266 1180 Appius.

230 1193 319 1279 Quis
351 1190 532 1277 produxit?
592 1189 741 1276 Appius.
805 1190 931 1257 Unde?
969 1196 1013 1259 ab
1043 1193 1171 1279 Appio.
1235 1195 1269 1259 Di

228 1291 330 1359 bonil
364 1292 446 1379 quid
478 1301 587 1378 potest
618 1291 675 1379 agi
708 1290 884 1357 severius?
945 1292 1018 1380 [De
1049 1294 1157 1359 servis
1188 1295 1270 1358 nulla

229 1395 307 1482 lege
324 1393 477 1481 quaestio
495 1393 596 1458 estin
613 1392 791 1457 dominum
809 1392 874 1457 nisi
891 1392 934 1457 de
950 1393 1094 1468 incestu,
1112 1405 1149 1458 ut
1165 1393 1227 1459 fuit
1243 1395 1270 1457 in

229 1493 424 1582 Clodium]
489 1492 650 1558 Proxime
666 1488 761 1559 'deos
789 1492 934 1557 accessit
960 1491 1116 1569 Clodius,
1143 1494 1270 1579 propius

229 1616 334 1682 quam
361 1606 432 1659 tum
461 1615 538 1658 cum
567 1594 612 1658 ad
639 1592 732 1677 ipsos
756 1604 962 1677 penetrarat,
988 1591 1085 1679 cujus
1109 1593 1153 1658 de
1177 1605 1271 1658 morte

229 1706 405 1780 tamquam
422 1694 464 1759 de
481 1692 698 1757 caerimoniis
714 1691 848 1756 violatis
861 1691 1045 1778 quaeritur.
1081 1691 1152 1757 Sed
1169 1704 1271 1756 tamen

230 1795 377 1882 majores
393 1793 497 1858 nostri
511 1794 544 1856 in
558 1792 735 1858 dominum
750 1790 812 1878 [de
826 1790 942 1878 servo]
957 1791 1074 1877 quaeri
1089 1793 1270 1867 noluerunt,

230 1916 299 1958 non
316 1894 397 1980 quin
414 1906 528 1978 posset
543 1914 662 1958 verum
679 1890 838 1966 inveniri,
857 1891 918 1956 sed
937 1891 1017 1977 quia
1036 1891 1215 1956 videbatur
1232 1892 1272 1955 in·

231 1995 374 2079 dignum
392 2014 467 2056 esse
483 2005 516 2057 et
535 1990 701 2079 [domini]
723 2001 830 2055 morte
847 1991 922 2076 ipsa
938 1991 1076 2056 tristius.
1125 1990 1166 2055 In
1189 2013 1274 2056 reum

231 2093 274 2156 de
306 2113 404 2156 servo
433 2091 640 2156 accusatoris
669 2112 748 2155 cum
777 2091 963 2177 quaeritur,
993 2112 1113 2155 verum
1140 2090 1274 2155 inveniri

230 2189 361 2276 potest?
406 2209 455 2255 oo.
478 2191 558 2278 Age
575 2213 669 2267 vero,
687 2211 776 2277 quae
797 2201 870 2254 erat
894 2201 952 2254 aut
974 2190 1085 2276 qualis
1109 2189 1274 2277 quaestio?

233 2290 353 2355 ‘Heus
380 2303 429 2366 tu,
455 2290 577 2356 Rufio’
605 2290 718 2377 (verbi
743 2293 867 2376 causa)
897 2300 1003 2354 ‘cave
1028 2288 1074 2354 sis
1096 2291 1273 2355 mentiaris.

231 2380 374 2455 Clodius
391 2389 628 2455 insidias'secit
644 2388 810 2454 Miloni?'
852 2388 973 2453 ‘Fecit
985 2388 1013 2451 ι’
1039 2399 1154 2454 ‘certa
1177 2388 1275 2454 crux?

234 2489 380 2554 ‘Nullas
393 2490 471 2554 secit
483 2490 511 2551 τ’
530 2501 538 2529 ⁴
553 2501 687 2574 sperata
701 2490 863 2553 libertas)
900 2487 994 2573 Quid
1008 2490 1074 2554 bac
1086 2489 1276 2575 quaestione

231 2588 378 2654 certius?
425 2589 545 2654 Subito
570 2589 699 2674 abrepti
720 2589 755 2652 in
775 2588 1024 2675 quaestionem,
1046 2600 1161 2654 tamen
1187 2609 1277 2673 sepa·

231 2701 348 2754 rantur
370 2710 389 2754 a
410 2690 529 2754 ceteris
554 2688 645 2753 etin
669 2709 768 2753 arcas
792 2688 1019 2764 coniciuntur,
1038 2710 1081 2753 ne
1105 2688 1182 2774 quis
1205 2708 1275 2752 cum

231 2791 281 2856 eis
305 2790 462 2876 conloqui
487 2789 604 2874 possit.
654 2788 701 2853 Hi
726 2798 863 2853 centum
888 2789 963 2854 dies
981 2809 1089 2873 penes
1109 2797 1277 2853 accusato-

230 2912 302 2956 rem
321 2911 398 2954 cum
416 2890 570 2965 fuissent,
589 2890 690 2953 abeo
707 2887 782 2974 ipso
800 2899 998 2953 accusatore
1015 2887 1170 2973 producti
1193 2897 1275 2952 sunt.

232 2990 328 3076 Qud
345 2992 412 3055 hac
428 2988 625 3077 quaestione
642 2988 710 3054 dici
734 2998 845 3074 potest
869 2987 1047 3076 integrius,
1069 2987 1152 3073 quid
1175 2987 1278 3051 incor-

230 3088 383 3177 ruptius?

274 3211 380 3255 xxm.
406 3206 448 3254 ul.
473 3187 577 3272 Qud
608 3187 637 3255 si
664 3188 817 3255 nondum
845 3187 926 3254 satis
950 3185 1099 3261 cernitis,
1127 3207 1203 3251 cum
1226 3204 1280 3248 res

230 3290 305 3374 ipsa
328 3303 468 3356 tottam
493 3288 594 3354 claris
620 3289 830 3377 argumentis
854 3288 1031 3375 signisque
1053 3287 1179 3360 luceat,
1197 3301 1279 3369 pura

231 3403 343 3456 mente
361 3403 462 3478 atque
477 3392 611 3478 integra
627 3389 809 3466 Milonem,
828 3389 923 3453 nullo
947 3387 1076 3452 scelere
1100 3386 1276 3453 imbutum,

230 3491 324 3555 nullo
342 3503 432 3556 metu
452 3493 678 3578 perterritum,
697 3491 791 3556 nulla
816 3488 1024 3555 conscientia
1048 3485 1274 3551 exanimatum

231 3589 380 3655 Romam
398 3592 589 3668 revertisse,
604 3589 832 3656 recordamini
849 3590 928 3674 (per
940 3589 1023 3654 deos
1037 3582 1237 3651 immortalis
1248 3577 1272 3662 1)

230 3711 317 3777 quae
350 3690 450 3756 fuerit
480 3692 636 3757 celeritas
667 3690 794 3755 reditus
826 3688 912 3777 ejus,
942 3689 1000 3775 qui
1035 3687 1213 3774 ingressus
1245 3677 1276 3739 in

229 3790 339 3854 sorum
362 3792 501 3856 ardente
526 3792 633 3865 curia,
652 3810 741 3876 quae
766 3787 966 3875 magnitudo
991 3786 1109 3862 animi,
1128 3783 1187 3872 qui
1211 3776 1276 3845 vol·

228 3898 295 3961 tus,
321 3909 409 3976 quae
433 3889 551 3953 oratio.
600 3889 723 3974 Neque
746 3909 828 3952 vero
851 3908 888 3951 se
912 3887 1039 3970 populo
1071 3886 1196 3959 solum,
1222 3873 1278 3944 sed

229 3984 332 4049 etiam
369 3986 500 4051 senatui
535 3987 724 4061 commisit3
762 4006 874 4072 neque
907 3985 1040 4050 senatui
1071 3985 1187 4060 modo,
1221 3972 1278 4045 sed
