2760 4448
140 288 187 330 mr.
200 275 265 345 ¹52]
395 276 468 341 His
490 275 639 365 Appeal
656 285 691 343 lo
714 276 772 343 the
800 276 921 344 Courl.
1146 299 1184 346 21

134 478 186 565 qui
202 478 268 542 hoc
284 476 443 542 facerent
461 478 553 564 quod
576 477 691 543 facere
714 477 905 544 Messalam
928 477 1188 570 videtis,-qui

131 591 230 662 caput
252 576 451 641 innocentis
474 577 710 652 defenderent,
729 578 786 664 qui
811 578 955 666 injuriae
980 580 1187 659 resisterent,

128 679 183 765 qui
200 688 373 763 quantum
398 686 538 761 possent
560 676 595 740 in
620 678 729 742 salute
753 677 891 743 alterius
914 699 1019 764 quam
1035 680 1069 746 in
1086 683 1189 748 exitio

127 777 272 842 mallent
292 778 496 851 ostendere3
525 777 617 863 quod
634 776 662 841 si
679 798 800 842 omnes
817 776 875 862 qui
893 778 1015 844 eodem
1032 780 1108 847 loco
1119 783 1188 848 nati

127 889 207 944 sunt
223 879 394 953 facerent,
413 887 447 942 et
461 897 517 942 res
533 876 672 962 publica
689 896 734 941 ex
755 876 822 942 illis
847 887 882 941 et
905 877 970 964 ipsi
994 900 1038 945 ex
1061 880 1190 948 invidia

127 978 245 1044 minus
263 957 527 1049 laborarent]

171 1100 237 1144 ιιι.
262 1096 311 1143 ⁶³.
333 1079 466 1144 Verum
491 1076 520 1143 si
539 1098 560 1142 a
577 1075 821 1166 Chrysogono,
838 1076 1066 1166 judices,n0n
1084 1080 1191 1167 impe·

127 1191 278 1256 tramus,
293 1191 332 1244 ut
344 1179 491 1265 pecunia
505 1190 620 1244 nostra
637 1189 817 1244 contentus
834 1178 889 1254 sit,
903 1177 1007 1244 vitam
1024 1202 1067 1245 ne
1084 1192 1189 1266 petat,

129 1282 214 1347 -si
240 1283 302 1346 ille
330 1279 454 1346 adduci
477 1301 546 1345 non
569 1290 700 1365 potest,
717 1290 766 1354 ut,
793 1298 873 1343 cum
902 1279 1067 1346 ademerit
1094 1282 1191 1346 nobis

132 1382 250 1448 omnia
277 1402 368 1467 quae
393 1391 508 1446 nostra
534 1389 632 1445 erant
659 1379 812 1465 propria,
836 1400 881 1444 ne
912 1379 1025 1444 lucem
1056 1401 1191 1468 quoque

132 1483 238 1556 hanc,
267 1502 358 1567 quae
390 1481 582 1545 communis
613 1491 677 1555 est,
707 1478 841 1563 eripere
869 1478 1092 1565 cupiat-si
1123 1502 1192 1545 non

132 1582 215 1648 satis
233 1581 339 1646 habet
355 1579 533 1644 avaritiam
551 1600 648 1644 suam
666 1578 814 1665 pecunia
831 1579 984 1665 explere,
1000 1578 1065 1645 nisi
1090 1579 1193 1644 etiarn

133 1680 329 1746 crudelitati
358 1679 501 1767 sanguis
526 1680 700 1764 praebitus
728 1678 959 1754 sit,-unum
983 1677 1192 1764 perfugium,

130 1781 282 1870 judices,
300 1800 370 1844 una
386 1800 466 1864 spes
482 1780 613 1865 reliqua
629 1790 681 1844 est
697 1778 782 1844 Sex.
802 1776 946 1852 Rosci0,
965 1777 1087 1842 eadem
1104 1798 1194 1863 quae

133 1881 181 1946 rei
212 1880 388 1966 publicae,
414 1889 526 1943 vestra
552 1878 695 1964 pristina
720 1878 857 1943 bonitas
889 1887 923 1941 et
947 1876 1192 1943 misericordia.

136 1979 241 2064 Quae
258 1979 286 2045 si
311 1990 440 2054 manet,
459 1978 544 2043 salvi
569 1979 672 2043 etiam
696 1998 790 2042 nunc
814 1997 890 2042 esse
914 1998 1117 2062 possumus;
1142 1978 1195 2044 sin

135 2102 177 2145 ea
194 2080 396 2154 crudelitas,
414 2100 505 2165 quae
521 2079 588 2143 hoc
604 2090 757 2163 tempore
777 2076 813 2141 in
838 2098 874 2142 re
899 2077 1037 2163 publica
1061 2091 1196 2144 versata

136 2190 198 2254 est,
212 2190 346 2244 vestros
359 2200 494 2265 quoque
512 2178 646 2244 animos
658 2215 704 2227 --
714 2177 748 2243 id
765 2178 856 2264 quod
870 2177 943 2242 fieri
963 2178 1113 2263 prolecto
1127 2201 1195 2243 non

135 2290 248 2365 potest
258 2316 304 2327 -
314 2278 469 2343 duriores
487 2278 748 2364 acerbioresque
765 2277 925 2352 reddidit,
941 2288 1053 2342 actum
1069 2289 1131 2351 est,
1143 2277 1197 2367 ju·

64 2382 68 2387 '
137 2380 253 2443 dicesr
276 2378 473 2443 interseras
496 2378 603 2443 satius
627 2389 678 2443 est
702 2389 848 2443 aetatem
873 2377 1014 2465 degere,
1033 2400 1136 2465 quam
1161 2377 1197 2442 in

136 2480 203 2543 hac
220 2488 316 2542 tanta
333 2477 549 2557 immanitate
561 2477 704 2542 versari.
754 2494 800 2549 at.
823 2476 882 2542 Ad
899 2497 1022 2542 eamne
1039 2499 1111 2542 rem
1136 2499 1197 2543 vos

137 2576 302 2644 reservati
319 2576 413 2652 estis,
431 2578 475 2641 ad
491 2597 615 2641 eamne
640 2598 712 2641 rem
737 2577 872 2653 delecti,
893 2588 929 2641 ut
952 2597 1012 2643 eos
1036 2577 1198 2643 condem·

137 2677 279 2752 naretis,
297 2699 395 2762 .qu0s
426 2687 575 2741 sectores
607 2697 649 2741 ac
683 2676 797 2742 sicarii
833 2677 995 2766 jugulare
1035 2698 1104 2742 non
1137 2699 1198 2763 po·

138 2773 305 2842 tuissent?
352 2774 472 2841 Solent
504 2776 571 2840 hoc
602 2776 683 2841 boni
710 2776 936 2861 imperatores
964 2775 1091 2851 lacere,
1118 2797 1197 2841 cum

140 2877 308 2962 proelium
326 2875 551 2950 committunt,
569 2887 606 2940 ut
621 2876 657 2939 in
674 2898 714 2942 eo
732 2877 808 2942 loco
825 2896 894 2961 quo
912 2874 1030 2959 sugam
1049 2875 1196 2940 hostium

139 2978 211 3043 sore
235 2975 443 3041 arbitrentur
473 2976 597 3040 milites
622 2978 814 3051 conlocent,
833 2974 869 3038 in
894 2995 992 3059 qu08,
1019 2973 1047 3037 si
1071 2973 1129 3058 qui
1153 2996 1198 3039 ex

139 3079 213 3143 acie
230 3076 395 3163 lugerint,
414 3076 456 3140 de
474 3075 660 3161 improviso
676 3076 843 3141 incidant.
894 3072 1066 3139 Nimirum
1080 3073 1198 3139 simili-

138 3190 189 3244 ter
213 3177 421 3243 arbitrantur
439 3175 493 3242 isti
514 3177 682 3242 bonorum
703 3187 886 3262 emptores,
900 3195 1017 3239 -vos
1033 3173 1102 3248 hic,
1120 3175 1197 3242 talis

137 3279 245 3353 viros,
263 3277 397 3351 sedere,
420 3276 478 3363 qui
502 3277 682 3363 excipiatis
707 3298 766 3342 eos
791 3276 849 3362 qui
876 3274 919 3340 de
944 3273 1014 3339 suis
1039 3275 1198 3341 manibus

139 3377 338 3465 effugerint.
387 3376 432 3441 Di
457 3378 673 3463 prohibeant,
688 3378 838 3468 judices,
857 3386 894 3441 ut
916 3376 995 3451 hoc,
1014 3376 1105 3461 quod
1126 3396 1198 3439 ma·

145 3481 241 3568 jores
257 3477 438 3544 consilium
455 3479 631 3565 publicum
647 3479 764 3545 vocari
778 3479 971 3553 voluerunt,
987 3476 1197 3561 praesidium

141 3593 311 3647 sectorum
329 3580 552 3644 existimetur.
655 3588 659 3600 '

184 3700 230 3746 55.
253 3679 312 3745 An
327 3701 421 3756 vero,
436 3681 583 3769 judiceS,
602 3704 664 3747 vos
681 3704 747 3747 non
772 3679 970 3768 intellegitis
995 3675 1079 3741 nihil
1104 3673 1197 3739 aliud

142 3782 200 3871 agi
225 3781 291 3847 nisi
314 3793 351 3846 ut
374 3781 639 3866 proscriptorum
665 3779 761 3846 liberi
787 3780 907 3866 quavis
929 3779 1058 3844 ratione
1076 3775 1197 3841 tollan-

140 3895 208 3959 tur,
233 3892 267 3945 et
291 3881 363 3970 ejus
387 3882 436 3946 rei
453 3880 586 3946 initium
606 3881 640 3945 in
662 3890 773 3946 vestro
796 3879 1018 3967 jurejurando
1040 3888 1141 3961 atque
1161 3873 1196 3936 in

142 3981 228 4048 Sex.
248 3980 353 4047 Rosci
370 3980 523 4067 periculo
539 3979 680 4068 quaeri?
729 3978 926 4043 Dubiumne
949 3964 1011 4042 est'
1023 3976 1067 4040 ad
1091 3994 1194 4061 quern
