2760 4448
156 259 180 298 1«
197 243 262 314 145]
383 243 456 308 His
480 243 627 332 Appeal
645 252 680 309 to
710 243 966 333 Chrysogonus.
1162 264 1206 333 19

149 445 276 513 nefario
291 445 441 520 solutus,
457 445 580 530 cupita
593 444 689 512 vobis
703 444 893 510 discedere.
932 443 970 510 Si
984 445 1051 511 hac
1061 443 1205 532 indigna

147 546 334 631 suspitione
356 557 486 622 careat,
507 546 619 610 animo
637 567 747 632 aequo
764 568 801 610 se
818 567 935 611 carere
952 545 1022 611 suis
1046 546 1204 611 omnibus

145 646 338 712 commodis
368 646 462 710 dicit.
513 645 632 734 Rogat
658 657 800 733 oratque
828 658 873 721 te,
903 645 1145 734 Chrysogono,
1175 645 1203 712 si

144 748 229 811 nihil
245 748 291 811 de
308 747 417 831 patris
435 746 578 812 fortunis
602 747 822 832 amplissimis
846 747 881 810 in
905 769 1003 812 suam
1027 770 1099 812 rem
1124 769 1205 813 con·

143 847 253 923 vertit,
274 846 303 912 si
321 847 419 911 nulla
434 848 468 910 in
485 869 521 911 re
538 858 570 912 te
587 847 771 922 fraudavit,
789 847 817 912 si
834 847 893 913 tibi
910 849 1038 934 optima
1055 849 1122 914 fide
1142 869 1204 913 sua

143 947 261 1013 omnia
296 947 480 1023 concessit,
508 948 759 1023 adnumeravit,
787 948 961 1033 appendit,
990 948 1019 1014 si
1046 948 1204 1015 vestitum

144 1069 212 1134 quo
238 1047 315 1133 ipse
343 1057 453 1112 tectus
479 1059 565 1123 erat,
590 1048 799 1135 anulumque
823 1048 866 1114 de
890 1048 998 1136 digito
1021 1071 1121 1114 suum
1145 1049 1203 1114 tibi

144 1146 299 1222 tradidit,
320 1147 351 1212 si
372 1169 418 1212 ex
440 1148 599 1213 omnibus
622 1148 725 1213 rebus
747 1169 785 1214 se
806 1148 918 1233 ipsum
939 1150 1069 1214 nudum
1093 1169 1204 1236 neque

144 1258 327 1332 praeterea
344 1247 530 1333 quicquam
547 1246 697 1333 excepit,
714 1258 752 1312 ut
767 1248 830 1313 sibi
849 1260 959 1334 perte
983 1249 1085 1314 liceat
1107 1248 1206 1314 inno·

145 1348 236 1411 centi
263 1348 456 1412 amicorum
481 1347 603 1432 opibus
627 1348 733 1412 vitam
756 1347 792 1411 in
809 1359 961 1436 egestate
978 1349 1117 1436 degere.
1166 1367 1201 1412 1..

143 1464 190 1511 rs.
217 1447 392 1511 ‘Praedia
414 1468 491 1511 mea
514 1458 549 1511 tu
572 1447 739 1532 possides,
758 1469 825 1535 ego
842 1449 955 1512 aliena
972 1448 1205 1514 misericordia

144 1550 247 1613 vivo:
278 1548 447 1622 conced0,
474 1557 506 1611 et
534 1549 625 1633 quod
654 1547 789 1612 animus
818 1568 949 1634 aequus
977 1559 1039 1623 est,
1065 1560 1098 1612 et
1125 1549 1205 1634 quia

144 1669 292 1713 necesse
311 1657 373 1711 est.
424 1646 507 1711 Mea
530 1648 652 1711 domus
677 1646 735 1711 tibi
760 1658 865 1731 patet,
883 1646 967 1710 mihi
992 1648 1109 1711 clausa
1133 1657 1204 1711 est:

145 1751 233 1813 sero.
297 1746 446 1811 Familia
476 1767 552 1811 mea
581 1747 733 1810 maxima
761 1757 796 1809 tu
827 1745 944 1819 uteris,
974 1768 1040 1832 ego
1068 1766 1204 1809 servum

145 1849 260 1913 habeo
290 1847 445 1910 nullum:
472 1846 583 1931 patior
609 1857 642 1910 et
669 1845 849 1909 serendum
878 1856 970 1929 puto.
1030 1843 1125 1928 Quid
1153 1845 1205 1909 vis

146 1945 322 2033 amplius?
371 1944 467 2030 Qid
490 1943 703 2032 insequeris?
752 1942 848 2028 Qid
872 1942 1077 2032 oppugnas?
1123 1943 1204 2029 Oua

145 2048 183 2112 in
210 2068 250 2111 re
276 2057 371 2110 tuam
399 2046 609 2109 voluntatem
633 2043 724 2109 laedi
750 2065 770 2107 a
796 2066 849 2108 me
873 2043 996 2130 putas?
1043 2045 1111 2110 Ubi
1138 2046 1204 2109 tuis

147 2145 342 2212 commodis
373 2143 507 2209 officio?
556 2142 651 2228 Quid
682 2144 742 2208 tibi
769 2144 906 2210 obsto?'
952 2143 990 2215 Si
1019 2145 1202 2230 spoliorum

86 2238 90 2247 ’
147 2267 255 2311 causa
281 2244 334 2310 vis
363 2244 538 2309 hominem
567 2243 738 2319 occidere,
763 2245 846 2330 quid
869 2245 1007 2330 qnaeris
1034 2244 1203 2330 amplius?

65 2346 72 2359 '
147 2346 186 2411 Si
211 2344 483 2418 inimicitiarum,
510 2364 600 2430 quae
627 2354 706 2407 sunt
727 2344 787 2408 tibi
816 2343 1013 2409 inimicitiae
1041 2365 1119 2409 cum
1148 2366 1201 2423 eo,

148 2446 248 2534 cujus
274 2455 352 2509 ante
373 2443 516 2528 praedia
535 2443 716 2527 possedisti
735 2465 839 2528 quam
858 2444 970 2527 ipsum
992 2443 1204 2531 cognovisti?

148 2545 187 2610 Si
213 2556 337 2620 metus,
358 2545 401 2607 ab
426 2564 513 2607 eone
538 2541 667 2628 aliquid
691 2544 825 2617 metuis,
843 2564 946 2629 quem
969 2544 1066 2608 vides
1090 2543 1203 2627 ipsum

149 2647 191 2710 ab
205 2656 327 2710 setam
341 2654 491 2708 atrocem
505 2641 664 2728 injuriam
679 2644 878 2727 propulsare
892 2664 961 2707 non
978 2641 1101 2727 posse?
1140 2642 1203 2706 Sin

149 2745 242 2830 quod·
261 2745 353 2808 bona
374 2762 464 2828 quae
484 2741 592 2806 Rosci
612 2741 749 2804 fuerunt
768 2752 826 2804 tua
850 2741 940 2805 sacta
964 2753 1053 2816 sunt,
1075 2741 1203 2806 idcirco

150 2846 241 2908 hunc
258 2842 350 2907 illius
367 2842 474 2906 filium
493 2842 609 2905 studes
625 2839 782 2924 perdere,
801 2861 915 2903 nonne
939 2841 1089 2905 ostendis
1113 2841 1147 2905 id
1170 2851 1203 2905 te

148 2943 271 3018 vereri,
291 2942 383 3028 quod
401 2952 536 3026 praeter
552 2951 683 3005 ceteros
699 2949 735 3003 tn
748 2940 903 3002 'metuere
920 2961 988 3003 non
1005 2940 1145 3015 debeas,
1160 2962 1204 3006 ne

149 3043 288 3129 quando
305 3041 421 3107 liberis
439 3040 706 3126 proscriptorum
722 3039 813 3103 bona
830 3037 940 3123 patria
955 3038 1163 3104 reddantur?

192 3153 241 3200 49.
264 3140 367 3205 Facis
391 3140 565 3228 injuriam,
593 3138 835 3225 Chrysogone,
863 3139 891 3203 si
915 3138 1080 3227 majorem
1107 3161 1203 3224 spem

148 3240 331 3328 emptionis
348 3252 427 3304 tuae
443 3239 479 3304 in
497 3239 599 3325 hujus
617 3238 720 3303 exitio
738 3238 849 3323 ponis,
868 3260 972 3325 quam
987 3238 1022 3302 in
1040 3238 1089 3304 eis
1102 3240 1204 3306 rebus

147 3363 235 3429 quas
263 3340 308 3405 L.
337 3339 437 3405 Sulla
464 3339 582 3426 gessit.
634 3336 737 3423 Qod
766 3338 794 3402 si
820 3338 879 3402 tibi
905 3360 1009 3403 causa
1034 3340 1130 3404 nulla
1154 3352 1205 3405 est

148 3464 209 3507 eur
226 3443 319 3506 hunc
337 3440 501 3505 miserum
519 3450 613 3503 tanta
630 3438 825 3502 calamitate
850 3439 950 3502 adfici
974 3440 1073 3515 velis,
1091 3440 1119 3505 si
1144 3441 1204 3505 tibi

148 3543 265 3609 omnia
283 3563 345 3606 sua
363 3551 499 3626 praeter
517 3538 667 3603 animam
685 3537 833 3612 tradidit,
852 3560 916 3602 nec
936 3539 998 3604 sibi
1018 3540 1203 3626 quicquam

148 3655 329 3729 paternum
348 3663 392 3705 ne
407 3639 617 3704 monumenti
629 3639 768 3724 quidem
782 3659 887 3702 causa
900 3640 989 3703 clam
1004 3639 1202 3715 reservavit,

149 3765 211 3828 per
239 3743 321 3809 deos
351 3740 565 3815 immortalis,
592 3760 682 3825 quae
710 3738 774 3802 ista
800 3749 893 3802 tanta
921 3739 1104 3804 crudelitas
1133 3737 1205 3804 est?

150 3843 254 3928 Qiae
281 3856 350 3908 tam
380 3843 452 3908 fera
480 3841 709 3926 immanisque
735 3837 879 3902 natura?
926 3838 1015 3922 Quis
1039 3860 1204 3926 umquam

149 3946 280 4031 praedo
297 3944 360 4010 fuit
375 3954 445 4010 tam
462 3940 626 4017 nefarius,
645 3939 721 4026 quis
737 3940 847 4026 pirata
865 3947 934 4002 tam
956 3939 1135 4015 barbarus,
1153 3948 1202 4034 nt,
