2722 4438
198 277 262 348 242
420 256 456 325 Τ
449 244 491 324 hi
514 256 685 347 Struggle
708 232 849 348 agrarias!
870 260 1022 350 Antony.
1046 262 1139 333 [an
1155 265 1221 319 xlv.

197 459 310 527 sulatu
327 480 403 524 meo
420 459 527 535 testis,
544 460 715 536 conscius,
737 461 883 549 adjutor,
904 463 1055 529 dolorem
1070 465 1153 531 serre
1167 488 1225 531 non
1249 539 1252 545 ,

198 558 304 642 potuit
342 559 469 625 doloris
503 560 583 625 mei.
641 559 846 626 Contionem
885 563 1004 629 habuit
1041 565 1224 641 maximam,

198 659 325 742 populo
342 657 503 727 Romano
523 681 629 725 unum
654 672 754 746 atque
778 661 872 726 idem
894 664 1067 728 sentiente.
1111 664 1149 728 In
1170 686 1227 751 qua

198 758 356 824 contione
384 779 463 825 cum
488 779 544 824 me
569 780 631 845 pro
655 781 791 826 summa
817 774 933 828 nostra
957 763 1186 851 conjunctione
1202 777 1230 829 et

198 858 427 925 familiaritate
459 859 604 925 liberare
636 860 821 945 suspitione
854 862 1000 927 fascium
1030 864 1142 937 vellet,
1170 885 1230 927 una

198 980 283 1025 voce
299 971 423 1025 cuncta
440 959 551 1025 contio
568 959 757 1025 declaravit
773 961 857 1025 nihil
875 983 950 1047 esse
966 984 988 1026 a
1005 984 1060 1028 me
1082 985 1231 1050 umquam

198 1059 242 1125 de
265 1082 301 1125 re
325 1059 463 1145 publica
486 1059 552 1125 nisi
574 1059 701 1145 optime
721 1060 920 1148 cogitatum.
969 1062 1051 1129 Post
1073 1064 1159 1127 hanc
1180 1065 1232 1126 ha-

198 1158 304 1225 bitam
336 1159 530 1225 contionem
561 1160 695 1225 duabus
728 1160 879 1225 tribusve
913 1161 1019 1236 horis,
1048 1162 1232 1247 optatissimi

199 1258 307 1322 nuntii
331 1270 364 1323 et
387 1259 517 1324 litterae
541 1270 728 1325 venerunt:
762 1271 799 1324 ut
826 1260 917 1325 idem
944 1260 1020 1326 dies
1050 1283 1118 1326 non
1143 1263 1232 1325 modo

198 1357 411 1442 iniquissima
429 1380 483 1423 me
500 1358 629 1423 invidia
646 1359 807 1434 liberarit,
826 1361 888 1425 sed
905 1360 1008 1425 etiam
1025 1361 1233 1427 celeberrima

199 1457 315 1541 populi
333 1457 484 1523 Romani
501 1458 729 1544 gratulatione
746 1458 889 1523 auxerit.

242 1573 283 1621 17.
315 1555 415 1621 Haec
442 1556 641 1642 interposui,
663 1569 778 1641 patres
806 1558 1001 1643 conscripti,
1021 1581 1091 1624 non
1116 1569 1181 1625 tam
1204 1570 1235 1624 ut

199 1678 261 1742 pro
292 1677 347 1723 me
379 1657 529 1722 dicerem
545 1693 590 1705 -
607 1657 697 1721 male
728 1657 820 1723 enim
852 1679 988 1723 mecum
1022 1659 1234 1745 ageretur,si

199 1778 321 1842 parunt
338 1757 434 1822 vobis
458 1777 568 1821 essem
586 1755 659 1821 sine
676 1757 875 1822 defensione
900 1772 1069 1844 purgatus
1085 1780 1233 1844 -quam

199 1871 235 1923 ut
257 1856 425 1944 quosdam
449 1856 551 1921 nimis
571 1856 689 1943 jejuno
705 1856 821 1921 animo
838 1868 871 1921 et
886 1869 1034 1944 angusto
1060 1880 1232 1929 monerem,

199 1958 234 2024 id
250 1958 342 2044 quod
358 1977 494 2040 semper
510 1943 583 2040 ipse
599 1955 771 2031 iecissem,
790 1956 836 2021 uti
854 1957 1098 2022 excellentium
1123 1957 1234 2021 civium

199 2058 356 2122 virtutem
394 2055 581 2127 imitatione
619 2055 776 2143 dignam,
810 2076 878 2119 non
910 2055 1040 2124 invidia
1078 2068 1232 2141 putarent.

200 2156 353 2243 Magnus
378 2166 428 2220 est
452 2156 486 2219 in
503 2155 692 2239 republica
710 2176 866 2239 campuS,
885 2167 922 2219 ut
938 2156 1112 2241 sapienter
1135 2157 1235 2223 dicere

192 2256 346 2331 ⁴Crassus
378 2255 521 2328 solebat,
548 2255 664 2320 multis
695 2266 832 2339 apertus
864 2275 985 2321 cursus
1019 2258 1064 2321 ad
1096 2258 1232 2322 laudem.

198 2376 263 2423 v11.
290 2355 432 2421 Utinam
464 2355 601 2441 quidem
633 2355 682 2419 illi
714 2355 887 2440 principes
909 2355 1078 2431 viverent,
1105 2357 1160 2443 qui
1189 2377 1236 2420 me

199 2467 274 2541 post
293 2476 409 2525 meum
435 2455 663 2529 consulatum,
682 2476 761 2521 cum
786 2454 837 2521 eis
864 2454 937 2539 ipse
964 2456 1137 2531 cederem,
1156 2455 1235 2541 prin-

198 2557 309 2642 cipem
342 2577 410 2620 non
442 2554 536 2619 inviti
568 2553 750 2621 videbantl
800 2554 878 2621 Hoc
908 2576 990 2620 vero
1021 2567 1184 2640 tempore,
1206 2555 1237 2618 in

198 2668 290 2721 tanta
307 2656 424 2741 inopia
448 2655 673 2723 constantium
699 2666 732 2720 et
755 2654 890 2720 fortium
915 2644 1160 2729 consularium,
1177 2676 1235 2740 quo

199 2779 253 2823 me
267 2756 393 2823 dolore
411 2755 511 2821 adfici
529 2755 679 2829 creditis,
698 2776 781 2821 cum
794 2755 880 2819 alios
896 2755 986 2821 male
1003 2755 1142 2830 sentire,
1161 2755 1236 2818 alios

198 2858 281 2922 nihil
310 2856 449 2923 omnino
477 2876 596 2920 curare
620 2855 771 2929 videam,
795 2855 879 2921 alios
907 2876 1028 2939 parum
1054 2865 1237 2921 constanter

197 2959 231 3022 in
248 2969 407 3042 suscepta
424 2976 528 3021 causa
545 2977 759 3040 permanere,
775 2955 1045 3041 sententiamque
1063 2977 1161 3021 suam
1178 2975 1237 3018 non

197 3079 333 3143 semper
356 3056 497 3121 utilitate
522 3055 570 3120 rei
594 3057 764 3140 publicae,
783 3055 931 3121 sedtum
948 3077 1009 3140 spe
1030 3067 1103 3120 tum
1127 3057 1237 3120 timore

198 3155 390 3224 moderari?
435 3173 477 3221 ιε.
508 3153 612 3238 Quod
629 3157 750 3242 siquis
767 3157 810 3220 de
835 3156 1050 3222 contentione
1074 3155 1237 3242 principa·
1308 3224 1319 3235 ⁴

197 3271 250 3324 tus
274 3260 417 3334 laborat,
436 3280 524 3345 quae
549 3258 642 3325 nulla
660 3280 735 3323 esse
753 3258 865 3332 debet,
884 3258 1079 3324 stultissime
1093 3258 1194 3331 tacit,
1211 3253 1236 3319 si

158 3385 161 3391 ¹
197 3358 284 3423 vitiis
301 3380 379 3423 cum
396 3359 517 3425 virtute
534 3360 726 3424 contendit:
751 3369 787 3423 ut
804 3359 894 3422 eni-m
916 3379 1018 3423 cursu
1042 3379 1175 3429 cursus,
1192 3355 1236 3419 sic

197 3456 231 3521 in
248 3457 329 3522 viris
345 3458 484 3524 sortibus
500 3459 606 3524 virtus
622 3459 743 3524 virtute
759 3469 949 3542 superatur.
982 3457 1053 3532 Tu,
1072 3458 1099 3522 si
1117 3464 1182 3544 ego
1197 3455 1236 3518 de

196 3577 233 3621 re
250 3557 388 3640 publica
404 3559 529 3641 optime
546 3558 703 3632 sentiam,
722 3569 759 3622 ut
775 3579 829 3622 me
846 3558 977 3632 vincas,
997 3557 1070 3641 ipse
1094 3555 1236 3642 pessime

197 3653 344 3723 senties?
376 3667 445 3728 aut,
464 3657 492 3721 si
511 3658 552 3723 ad
572 3679 626 3723 me
641 3658 808 3725 bonorum
825 3677 1029 3721 concursum
1054 3657 1126 3722 fieri
1150 3655 1237 3718 vide·

196 3756 263 3829 bis,
288 3754 332 3819 ad
356 3765 388 3819 te
411 3754 583 3839 improbos
615 3754 796 3821 invitabis?
843 3755 996 3831 Nollem,
1023 3756 1169 3840 primum
1193 3750 1237 3815 rei

197 3856 355 3939 publicae
381 3874 498 3928 causa,-
513 3855 637 3921 deinde
663 3856 765 3921 etiam
782 3855 957 3941 dignitatis
982 3866 1073 3919 tuae.
1121 3852 1191 3920 Sed
1210 3851 1236 3914 si

197 3954 407 4039 principatus
433 3963 604 4038 ageretur,
632 3974 735 4038 quem
759 3975 948 4040 numquam
972 3953 1134 4033 expetivi,
1160 3949 1237 4039 quid
