2760 4448
156 274 205 315 xlv·
218 262 267 332 41·]
368 263 469 329 What
492 264 629 329 Motene
638 265 712 351 sor
733 264 791 330 the
813 262 964 330 Crime?
1166 284 1190 353 9

127 448 216 529 'satis
244 485 325 530 acre
357 464 550 550 reperietur
580 464 615 528 in
648 486 726 529 eum
758 464 817 552 qui
849 475 994 530 mortem
1028 466 1189 532 obtulerit

140 564 275 650 parenti,
306 587 373 650 pro
402 586 470 650 quo
500 563 585 628 mori
614 563 740 648 ipsum,
762 564 791 629 si
815 585 869 628 res
894 565 1094 650 postularet,
1108 566 1187 654 jura

138 664 244 727 divina
269 677 376 750 atque
402 665 555 727 humana
580 662 772 750 cogebant?
821 663 861 727 ln
887 665 953 731 hoc
981 678 1087 742 tanto,
1117 681 1187 731 tam

134 764 245 840 atroci,
271 776 347 829 tam
372 763 541 852 singulari
565 763 748 838 maleficio,
772 764 865 850 quod
889 764 935 830 ita
960 786 1038 832 raro
1062 766 1189 832 exstitit

132 875 176 938 ut,
197 865 225 928 si
250 865 397 950 quando
423 864 576 928 auditum
601 863 655 938 sit,
680 863 825 950 portenti
850 885 892 930 ac
917 866 1053 955 prodigi
1078 866 1188 932 simile

130 976 344 1040 numeretur,
371 964 497 1050 quibus
521 964 658 1028 tandem
684 974 733 1040 tu,
760 962 804 1029 C.
832 964 950 1041 Eruci,
976 966 1189 1054 argumentis

130 1078 371 1130 accusatorem
385 1086 506 1129 censes
522 1064 569 1128 uti
587 1062 765 1149 oportere?
812 1064 940 1132 Nonne
957 1078 990 1132 et
1007 1065 1188 1131 audaciam

129 1165 288 1252 ejusqui
315 1165 350 1229 in
375 1167 506 1229 crimen
529 1175 669 1230 vocetur
696 1165 910 1253 singularem
938 1167 1130 1240 ostendere,
1156 1175 1190 1230 et

130 1286 242 1330 mores
271 1266 380 1341 feros,
410 1265 666 1351 immanemque
698 1276 870 1342 naturam,
901 1277 934 1331 et
964 1266 1068 1331 vitam
1100 1264 1189 1330 vitiis

129 1364 342 1452 flagitiisque
366 1364 527 1430 omnibus
550 1364 715 1439 deditam,
741 1364 810 1455 [et]
835 1366 984 1453 deniqne
1006 1367 1121 1432 omnia
1144 1365 1190 1430 ad

21 1506 23 1509 -
130 1465 324 1548 perniciem
340 1464 523 1552 profligata
540 1476 641 1551 atque
658 1464 814 1549 perdita?
842 1487 987 1552 quorum
1004 1477 1037 1530 tu
1053 1466 1136 1530 nihil
1154 1464 1189 1528 in

131 1564 215 1629 Sex,
235 1565 424 1639 Roscium,
443 1586 487 1629 ne
503 1565 672 1629 obiciendi
690 1566 831 1652 quidem
848 1586 967 1641 causa,
986 1564 1165 1631 contulisti.

174 1685 256 1729 x1v.
284 1681 334 1728 aa.
358 1664 514 1729 ‘Patrem
528 1664 653 1730 occidit
669 1663 754 1730 Sex.
768 1664 944 1732 Roscius.'
976 1664 1047 1750 Qi
1066 1662 1190 1729 homo?

133 1762 430 1831 Adulescentulus
463 1775 641 1850 corruptus
674 1776 708 1830 et
739 1766 783 1830 ab
814 1765 1010 1831 hominibus
1042 1785 1190 1850 nequam

134 1864 328 1930 inductus?
365 1886 474 1929 annos
506 1876 605 1929 natus
638 1864 748 1953 major
778 1864 1021 1953 quadraginta.
1082 1863 1191 1929 Vetus

135 1964 297 2030 videlicet
313 1965 472 2040 sicarius,
491 1966 594 2030 homo
613 1965 730 2030 audax
749 1974 782 2029 et
801 1985 905 2050 saepe
926 1965 960 2028 in
986 1964 1091 2030 caede
1116 1985 1192 2028 ver·

72 2061 78 2093 ³
136 2064 262 2130 satus?
295 2075 330 2129 at
353 2064 420 2129 hoc
445 2064 488 2128 ab
511 2076 710 2129 accusatore
732 2085 776 2129 ne
793 2064 861 2129 dici
877 2064 1016 2152 quidem
1035 2063 1189 2129 audistis.

136 2163 311 2229 Luxuries
346 2164 453 2251 igitur
485 2164 658 2229 hominem
691 2164 868 2239 nimirum,
901 2174 935 2229 et
966 2163 1054 2229 aeris
1088 2163 1192 2229 alieni

138 2266 353 2353 magnitudo,
373 2276 406 2329 et
422 2264 606 2329 indomitae
624 2265 730 2328 animi
747 2265 951 2350 cupiditates
968 2265 1011 2329 ad
1033 2266 1098 2346 hqc
1119 2285 1193 2329 sce·

139 2365 191 2430 lus
214 2364 457 2450 impulerunt?
505 2365 557 2429 De
582 2365 719 2429 luxuria
743 2364 905 2452 purgavit
928 2364 1088 2439 Erucius,
1113 2385 1192 2429 cum

140 2466 223 2530 dixit
237 2467 333 2530 hunc
349 2486 393 2529 ne
410 2464 447 2528 in
464 2465 621 2530 convivio
638 2465 777 2551 quidem
794 2466 865 2530 ullo
888 2463 959 2529 fere
984 2464 1190 2528 interfuisse.

25 2558 54 2567 ‘'
141 2563 235 2629 Nihil
264 2576 381 2629 autem
413 2586 576 2650 umquam
610 2567 771 2650 cuiquam
804 2563 930 2629 debuit.
979 2563 1194 2649 Cupiditates

93 2684 98 2689 ’
142 2685 238 2748 porro
260 2686 351 2750 quae
376 2675 519 2749 possunt
542 2685 617 2729 esse
642 2664 677 2728 in
702 2686 743 2729 eo
767 2664 838 2750 qui,
857 2676 894 2729 ut
917 2664 990 2750 ipse
1016 2675 1195 2728 accusator

144 2765 275 2852 objecit,
294 2764 364 2828 ruri
388 2785 525 2848 semper
540 2763 714 2838 habitarit,
733 2774 766 2827 et
782 2763 817 2827 in
834 2784 920 2851 agro
937 2764 1083 2828 colendo
1100 2763 1195 2827 vixe-

146 2864 358 2950 rit?-quae
377 2862 447 2927 vita
469 2863 618 2928 maxime
639 2864 808 2951 disjuncta
831 2884 851 2928 a
870 2863 1056 2948 cupiditate
1078 2873 1140 2938 est,
1162 2873 1196 2928 et

147 2984 217 3029 cum
234 2964 350 3029 officio
367 2954 561 3049 conjuncta.

183 3083 229 3130 as.
255 3065 361 3148 Quae
385 3084 440 3128 res
464 3063 566 3151 igitur
583 3074 715 3128 tantum
733 3064 833 3129 istum
851 3063 1000 3128 furorem
1018 3063 1103 3129 Sex.
1123 3063 1196 3128 Ro·
1216 3110 1222 3117 ·

146 3167 210 3231 scio
226 3162 385 3253 objecit?
421 3163 550 3228 ‘Patri'
567 3163 675 3250 inquit
691 3165 778 3229 ‘non
796 3164 975 3249 placebat!
1017 3163 1133 3248 Quam
1151 3165 1196 3229 ob

145 3263 306 3331 causam?
339 3263 492 3353 Necesse
505 3275 557 3329 est
570 3264 661 3328 enim
674 3286 751 3328 eam
765 3286 900 3350 quoque
909 3264 1038 3352 justam
1053 3277 1085 3330 et
1098 3286 1196 3351 mag·
1283 3288 1287 3293 ·

144 3388 219 3430 nam
232 3377 266 3430 et
278 3363 497 3450 perspicuam
508 3363 634 3429 fuisse:
655 3386 750 3438 nam,
762 3375 799 3428 ut
812 3365 895 3429 illud
913 3364 1113 3430 incredibile
1131 3377 1193 3440 est,
1358 3390 1359 3397 ¹

145 3478 286 3532 mortem
303 3464 453 3529 oblatam
471 3486 547 3529 esse
563 3464 650 3550 patri
668 3486 687 3528 a
704 3464 774 3529 filio
788 3464 861 3530 sine
879 3465 1035 3549 plurimis
1049 3476 1082 3529 et
1098 3487 1196 3528 max·

146 3565 218 3632 imis
236 3564 364 3639 causis
384 3564 433 3629 sic
450 3565 515 3630 hoc
531 3565 603 3629 veri
621 3565 730 3630 simile
749 3587 816 3629 non
835 3576 900 3642 est,
917 3566 996 3631 odio
1014 3565 1119 3630 fuisse
1136 3586 1197 3650 pa-

146 3667 228 3731 renti
242 3665 365 3738 filium,
381 3665 453 3729 sine
467 3665 579 3730 causis
593 3664 707 3730 multis
724 3676 757 3729 et
773 3666 911 3754 magnis
927 3678 960 3731 et
977 3665 1193 3746 necessariis.
1214 3664 1217 3669 ’

147 3765 281 3831 Rursus
304 3766 406 3859 igitur
428 3766 549 3830 eodem
572 3777 796 3841 revertamur,
819 3778 852 3831 et
875 3785 1082 3852 quaeramus
1107 3785 1196 3850 quae

147 3876 237 3931 tanta
261 3865 343 3930 vitia
366 3865 491 3930 fuerint
514 3865 548 3928 in
571 3865 674 3931 unico
693 3865 776 3941 filio,
798 3886 903 3951 quare
924 3866 952 3930 is
972 3865 1059 3951 patri
1079 3862 1197 3946 displi-

150 3977 249 4032 ceret.
290 3964 346 4032 ,At
361 3965 580 4053 perspicuum
594 3976 645 4032 est
660 3966 792 4030 nullum
809 3963 927 4030 fuisse.
976 3964 1077 4029 Pater
1093 3961 1199 4048 igitur
1219 4014 1224 4022 .
