<?xml version="1.0" encoding="UTF-8"?>
<!DOCTYPE html PUBLIC "-//W3C//DTD XHTML 1.0 Transitional//EN"
    "http://www.w3.org/TR/xhtml1/DTD/xhtml1-transitional.dtd">
<html xmlns="http://www.w3.org/1999/xhtml" xml:lang="en" lang="en">
 <head>
  <title>
</title>
<meta http-equiv="Content-Type" content="text/html;charset=utf-8" />
  <meta name='ocr-system' content='tesseract 3.04.00' />
  <meta name='ocr-capabilities' content='ocr_page ocr_carea ocr_par ocr_line ocrx_word'/>
</head>
<body>
  <div class='ocr_page' id='page_1' title='image "./selectorationsc02greegoog_0172.png"; bbox 0 0 2572 4442; ppageno 0'>
   <div class='ocr_carea' id='block_1_1' title="bbox 55 325 1094 416">
    <p class='ocr_par' dir='ltr' id='par_1_1' title="bbox 55 325 1094 416">
     <span class='ocr_line' id='line_1_1' title="bbox 55 325 1094 416; baseline 0.011 -27"><span class='ocrx_word' id='word_1_1' title='bbox 55 326 169 396; x_wconf 56' lang='lat' dir='ltr'>nm]</span> <span class='ocrx_word' id='word_1_2' title='bbox 199 325 272 392; x_wconf 80' lang='lat' dir='ltr'>The</span> <span class='ocrx_word' id='word_1_3' title='bbox 301 327 442 396; x_wconf 82' lang='lat' dir='ltr'>Crime:</span> <span class='ocrx_word' id='word_1_4' title='bbox 475 330 532 395; x_wconf 79' lang='lat' dir='ltr'>the</span> <span class='ocrx_word' id='word_1_5' title='bbox 560 329 717 396; x_wconf 83' lang='lat' dir='ltr'>General</span> <span class='ocrx_word' id='word_1_6' title='bbox 735 328 946 416; x_wconf 82' lang='lat' dir='ltr'>Mourm&#39;ng.</span> <span class='ocrx_word' id='word_1_7' title='bbox 1033 342 1094 413; x_wconf 80' lang='lat'>151</span> 
     </span>
    </p>
   </div>
   <div class='ocr_carea' id='block_1_2' title="bbox 13 526 1102 4104">
    <p class='ocr_par' dir='ltr' id='par_1_2' title="bbox 13 526 1102 4104">
     <span class='ocr_line' id='line_1_2' title="bbox 51 526 1099 616; baseline 0.002 -24"><span class='ocrx_word' id='word_1_8' title='bbox 51 539 131 602; x_wconf 80' lang='lat' dir='ltr'>tere3</span> <span class='ocrx_word' id='word_1_9' title='bbox 155 526 244 592; x_wconf 85' lang='lat' dir='ltr'>nihil</span> <span class='ocrx_word' id='word_1_10' title='bbox 261 549 343 594; x_wconf 90' lang='lat' dir='ltr'>esse</span> <span class='ocrx_word' id='word_1_11' title='bbox 364 529 603 616; x_wconf 82' lang='lat' dir='ltr'><strong>praestabilius</strong></span> <span class='ocrx_word' id='word_1_12' title='bbox 624 529 732 596; x_wconf 85' lang='lat' dir='ltr'>otiosa</span> <span class='ocrx_word' id='word_1_13' title='bbox 747 530 830 607; x_wconf 90' lang='lat' dir='ltr'>vita,</span> <span class='ocrx_word' id='word_1_14' title='bbox 849 530 953 616; x_wconf 90' lang='lat' dir='ltr'>plena</span> <span class='ocrx_word' id='word_1_15' title='bbox 969 538 1003 594; x_wconf 92' lang='lat' dir='ltr'>et</span> <span class='ocrx_word' id='word_1_16' title='bbox 1018 549 1099 595; x_wconf 92' lang='lat' dir='ltr'>con·</span> 
     </span>
     <span class='ocr_line' id='line_1_3' title="bbox 14 627 1099 721; baseline 0.002 -31"><span class='ocrx_word' id='word_1_17' title='bbox 14 700 15 721; x_wconf 13' lang='grc' dir='ltr'>χ</span> <span class='ocrx_word' id='word_1_18' title='bbox 50 627 122 690; x_wconf 80' lang='lat' dir='ltr'>ferta</span> <span class='ocrx_word' id='word_1_19' title='bbox 145 628 415 712; x_wconf 86' lang='lat' dir='ltr'>voluptatibus3</span> <span class='ocrx_word' id='word_1_20' title='bbox 447 650 506 695; x_wconf 88' lang='lat' dir='ltr'>eos</span> <span class='ocrx_word' id='word_1_21' title='bbox 531 642 658 705; x_wconf 89' lang='lat' dir='ltr'>autem,</span> <span class='ocrx_word' id='word_1_22' title='bbox 684 629 741 717; x_wconf 92' lang='lat' dir='ltr'>qui</span> <span class='ocrx_word' id='word_1_23' title='bbox 765 630 919 695; x_wconf 86' lang='lat' dir='ltr'>dicerent</span> <span class='ocrx_word' id='word_1_24' title='bbox 942 628 1099 716; x_wconf 80' lang='lat' dir='ltr'>dignitati</span> 
     </span>
     <span class='ocr_line' id='line_1_4' title="bbox 13 727 1099 814; baseline 0.003 -24"><span class='ocrx_word' id='word_1_25' title='bbox 13 750 18 807; x_wconf 54' lang='lat' dir='ltr'>r</span> <span class='ocrx_word' id='word_1_26' title='bbox 50 747 114 791; x_wconf 84' lang='lat' dir='ltr'>esse</span> <span class='ocrx_word' id='word_1_27' title='bbox 137 727 381 803; x_wconf 90' lang='lat' dir='ltr'>serviendum,</span> <span class='ocrx_word' id='word_1_28' title='bbox 399 728 448 793; x_wconf 91' lang='lat' dir='ltr'>rei</span> <span class='ocrx_word' id='word_1_29' title='bbox 473 729 631 814; x_wconf 91' lang='lat' dir='ltr'>publicae</span> <span class='ocrx_word' id='word_1_30' title='bbox 656 730 918 804; x_wconf 91' lang='lat' dir='ltr'>consulendum,</span> <span class='ocrx_word' id='word_1_31' title='bbox 936 728 1027 794; x_wconf 91' lang='lat' dir='ltr'>offici</span> <span class='ocrx_word' id='word_1_32' title='bbox 1045 749 1099 793; x_wconf 89' lang='lat' dir='ltr'>ra·</span> 
     </span>
     <span class='ocr_line' id='line_1_5' title="bbox 13 827 1097 953; baseline 0.002 -63"><span class='ocrx_word' id='word_1_33' title='bbox 13 842 20 953; x_wconf 57' lang='lat' dir='ltr'>q</span> <span class='ocrx_word' id='word_1_34' title='bbox 49 827 162 891; x_wconf 86' lang='lat' dir='ltr'>tionem</span> <span class='ocrx_word' id='word_1_35' title='bbox 190 828 228 892; x_wconf 92' lang='lat' dir='ltr'>in</span> <span class='ocrx_word' id='word_1_36' title='bbox 258 828 358 893; x_wconf 92' lang='lat' dir='ltr'>omni</span> <span class='ocrx_word' id='word_1_37' title='bbox 381 828 463 903; x_wconf 91' lang='lat' dir='ltr'>vita,</span> <span class='ocrx_word' id='word_1_38' title='bbox 490 850 557 893; x_wconf 92' lang='lat' dir='ltr'>non</span> <span class='ocrx_word' id='word_1_39' title='bbox 586 829 758 895; x_wconf 91' lang='lat' dir='ltr'>commodi</span> <span class='ocrx_word' id='word_1_40' title='bbox 786 851 862 895; x_wconf 88' lang='lat' dir='ltr'>esse</span> <span class='ocrx_word' id='word_1_41' title='bbox 889 829 1097 905; x_wconf 89' lang='lat' dir='ltr'>ducendam,</span> 
     </span>
     <span class='ocr_line' id='line_1_6' title="bbox 13 927 1100 1023; baseline 0.002 -33"><span class='ocrx_word' id='word_1_42' title='bbox 13 954 19 1023; x_wconf 61' lang='lat' dir='ltr'>q</span> <span class='ocrx_word' id='word_1_43' title='bbox 49 927 198 992; x_wconf 87' lang='lat' dir='ltr'>adeunda</span> <span class='ocrx_word' id='word_1_44' title='bbox 215 951 285 1014; x_wconf 90' lang='lat' dir='ltr'>pro</span> <span class='ocrx_word' id='word_1_45' title='bbox 303 928 414 1015; x_wconf 90' lang='lat' dir='ltr'>patria</span> <span class='ocrx_word' id='word_1_46' title='bbox 431 927 599 1013; x_wconf 86' lang='lat' dir='ltr'>pericula,</span> <span class='ocrx_word' id='word_1_47' title='bbox 617 930 757 995; x_wconf 89' lang='lat' dir='ltr'>volnera</span> <span class='ocrx_word' id='word_1_48' title='bbox 774 929 993 1014; x_wconf 89' lang='lat' dir='ltr'>excipienda,</span> <span class='ocrx_word' id='word_1_49' title='bbox 1011 949 1100 993; x_wconf 86' lang='lat' dir='ltr'>rnor-</span> 
     </span>
     <span class='ocr_line' id='line_1_7' title="bbox 48 1028 1096 1116; baseline 0.001 -26"><span class='ocrx_word' id='word_1_50' title='bbox 48 1039 105 1091; x_wconf 85' lang='lat' dir='ltr'>tem</span> <span class='ocrx_word' id='word_1_51' title='bbox 135 1031 391 1116; x_wconf 89' lang='lat' dir='ltr'>oppetendam,</span> <span class='ocrx_word' id='word_1_52' title='bbox 425 1028 603 1093; x_wconf 90' lang='lat' dir='ltr'>vaticinari</span> <span class='ocrx_word' id='word_1_53' title='bbox 636 1041 738 1116; x_wconf 85' lang='lat' dir='ltr'>atque</span> <span class='ocrx_word' id='word_1_54' title='bbox 769 1029 920 1094; x_wconf 86' lang='lat' dir='ltr'>insanire</span> <span class='ocrx_word' id='word_1_55' title='bbox 951 1028 1096 1095; x_wconf 88' lang='lat' dir='ltr'>dicebat.</span> 
     </span>
     <span class='ocr_line' id='line_1_8' title="bbox 47 1128 1101 1217; baseline 0 -24"><span class='ocrx_word' id='word_1_56' title='bbox 47 1147 83 1193; x_wconf 84' lang='lat' dir='ltr'>ro.</span> <span class='ocrx_word' id='word_1_57' title='bbox 104 1128 156 1193; x_wconf 85' lang='lat' dir='ltr'>Ex</span> <span class='ocrx_word' id='word_1_58' title='bbox 182 1130 240 1196; x_wconf 88' lang='lat' dir='ltr'>his</span> <span class='ocrx_word' id='word_1_59' title='bbox 266 1130 424 1196; x_wconf 87' lang='lat' dir='ltr'>adsiduis</span> <span class='ocrx_word' id='word_1_60' title='bbox 448 1129 522 1217; x_wconf 86' lang='lat' dir='ltr'>ejus</span> <span class='ocrx_word' id='word_1_61' title='bbox 546 1129 794 1215; x_wconf 82' lang='lat' dir='ltr'>cotidianisque</span> <span class='ocrx_word' id='word_1_62' title='bbox 818 1128 1046 1205; x_wconf 86' lang='lat' dir='ltr'>sermonibus,</span> <span class='ocrx_word' id='word_1_63' title='bbox 1067 1140 1101 1193; x_wconf 91' lang='lat' dir='ltr'>et</span> 
     </span>
     <span class='ocr_line' id='line_1_9' title="bbox 48 1226 1099 1317; baseline -0.001 -24"><span class='ocrx_word' id='word_1_64' title='bbox 48 1230 126 1315; x_wconf 91' lang='lat' dir='ltr'>quod</span> <span class='ocrx_word' id='word_1_65' title='bbox 142 1230 316 1295; x_wconf 89' lang='lat' dir='ltr'>videbam</span> <span class='ocrx_word' id='word_1_66' title='bbox 336 1231 541 1317; x_wconf 90' lang='lat' dir='ltr'>quibuscum</span> <span class='ocrx_word' id='word_1_67' title='bbox 566 1226 762 1293; x_wconf 90' lang='lat' dir='ltr'>hominibus</span> <span class='ocrx_word' id='word_1_68' title='bbox 778 1228 812 1292; x_wconf 91' lang='lat' dir='ltr'>in</span> <span class='ocrx_word' id='word_1_69' title='bbox 829 1227 987 1293; x_wconf 89' lang='lat' dir='ltr'>interiore</span> <span class='ocrx_word' id='word_1_70' title='bbox 1004 1238 1099 1312; x_wconf 91' lang='lat' dir='ltr'>parte</span> 
     </span>
     <span class='ocr_line' id='line_1_10' title="bbox 50 1326 1099 1416; baseline -0.001 -24"><span class='ocrx_word' id='word_1_71' title='bbox 50 1330 173 1393; x_wconf 86' lang='lat' dir='ltr'>aedium</span> <span class='ocrx_word' id='word_1_72' title='bbox 187 1330 339 1404; x_wconf 88' lang='lat' dir='ltr'>viveret,</span> <span class='ocrx_word' id='word_1_73' title='bbox 353 1341 386 1394; x_wconf 93' lang='lat' dir='ltr'>et</span> <span class='ocrx_word' id='word_1_74' title='bbox 397 1330 488 1416; x_wconf 91' lang='lat' dir='ltr'>quod</span> <span class='ocrx_word' id='word_1_75' title='bbox 506 1329 552 1393; x_wconf 88' lang='lat' dir='ltr'>ita</span> <span class='ocrx_word' id='word_1_76' title='bbox 565 1328 688 1393; x_wconf 89' lang='lat' dir='ltr'>domus</span> <span class='ocrx_word' id='word_1_77' title='bbox 705 1327 781 1412; x_wconf 91' lang='lat' dir='ltr'>ipsa</span> <span class='ocrx_word' id='word_1_78' title='bbox 797 1326 952 1392; x_wconf 88' lang='lat' dir='ltr'>sumabat</span> <span class='ocrx_word' id='word_1_79' title='bbox 961 1338 1000 1410; x_wconf 82' lang='lat' dir='ltr'>ut</span> <span class='ocrx_word' id='word_1_80' title='bbox 1014 1328 1099 1391; x_wconf 92' lang='lat' dir='ltr'>mul·</span> 
     </span>
     <span class='ocr_line' id='line_1_11' title="bbox 13 1425 1099 1516; baseline -0.002 -25"><span class='ocrx_word' id='word_1_81' title='bbox 13 1476 19 1489; x_wconf 87' lang='lat'>..</span> <span class='ocrx_word' id='word_1_82' title='bbox 48 1439 75 1491; x_wconf 88' lang='lat' dir='ltr'>ta</span> <span class='ocrx_word' id='word_1_83' title='bbox 89 1429 159 1516; x_wconf 87' lang='lat' dir='ltr'>ejus</span> <span class='ocrx_word' id='word_1_84' title='bbox 176 1430 354 1494; x_wconf 87' lang='lat' dir='ltr'>sermonis</span> <span class='ocrx_word' id='word_1_85' title='bbox 370 1429 497 1495; x_wconf 90' lang='lat' dir='ltr'>indicia</span> <span class='ocrx_word' id='word_1_86' title='bbox 513 1428 720 1501; x_wconf 86' lang='lat' dir='ltr'>redolerent,</span> <span class='ocrx_word' id='word_1_87' title='bbox 735 1428 925 1492; x_wconf 86' lang='lat' dir='ltr'>statuebam</span> <span class='ocrx_word' id='word_1_88' title='bbox 942 1427 1005 1501; x_wconf 91' lang='lat' dir='ltr'>sic,</span> <span class='ocrx_word' id='word_1_89' title='bbox 1018 1425 1099 1491; x_wconf 91' lang='lat' dir='ltr'>boni</span> 
     </span>
     <span class='ocr_line' id='line_1_12' title="bbox 14 1520 1099 1617; baseline 0 -28"><span class='ocrx_word' id='word_1_90' title='bbox 14 1520 19 1597; x_wconf 70' lang='grc' dir='ltr'>Ῐ</span> <span class='ocrx_word' id='word_1_91' title='bbox 49 1527 121 1592; x_wconf 90' lang='lat' dir='ltr'>nibil</span> <span class='ocrx_word' id='word_1_92' title='bbox 146 1530 191 1594; x_wconf 88' lang='lat' dir='ltr'>ab</span> <span class='ocrx_word' id='word_1_93' title='bbox 217 1529 292 1594; x_wconf 91' lang='lat' dir='ltr'>illis</span> <span class='ocrx_word' id='word_1_94' title='bbox 316 1530 419 1617; x_wconf 85' lang='lat' dir='ltr'>nugis</span> <span class='ocrx_word' id='word_1_95' title='bbox 444 1551 519 1595; x_wconf 91' lang='lat' dir='ltr'>esse</span> <span class='ocrx_word' id='word_1_96' title='bbox 542 1527 829 1613; x_wconf 89' lang='lat' dir='ltr'>exspectandum,</span> <span class='ocrx_word' id='word_1_97' title='bbox 854 1526 937 1590; x_wconf 92' lang='lat' dir='ltr'>mali</span> <span class='ocrx_word' id='word_1_98' title='bbox 961 1526 1099 1612; x_wconf 90' lang='lat' dir='ltr'>quidem</span> 
     </span>
     <span class='ocr_line' id='line_1_13' title="bbox 13 1616 1098 1714; baseline -0.003 -24"><span class='ocrx_word' id='word_1_99' title='bbox 13 1616 25 1709; x_wconf 71' lang='lat' dir='ltr'>l</span> <span class='ocrx_word' id='word_1_100' title='bbox 49 1640 128 1692; x_wconf 86' lang='lat' dir='ltr'>certe</span> <span class='ocrx_word' id='word_1_101' title='bbox 152 1630 244 1693; x_wconf 89' lang='lat' dir='ltr'>nihil</span> <span class='ocrx_word' id='word_1_102' title='bbox 273 1630 596 1714; x_wconf 88' lang='lat' dir='ltr'>pertimescendum.</span> <span class='ocrx_word' id='word_1_103' title='bbox 646 1627 717 1693; x_wconf 89' lang='lat' dir='ltr'>Sed</span> <span class='ocrx_word' id='word_1_104' title='bbox 735 1626 780 1690; x_wconf 90' lang='lat' dir='ltr'>ita</span> <span class='ocrx_word' id='word_1_105' title='bbox 798 1636 861 1699; x_wconf 89' lang='lat' dir='ltr'>est,</span> <span class='ocrx_word' id='word_1_106' title='bbox 884 1625 1031 1712; x_wconf 88' lang='lat' dir='ltr'>judices,</span> <span class='ocrx_word' id='word_1_107' title='bbox 1050 1635 1098 1699; x_wconf 87' lang='lat' dir='ltr'>ut,</span> 
     </span>
     <span class='ocr_line' id='line_1_14' title="bbox 50 1723 1100 1814; baseline -0.002 -25"><span class='ocrx_word' id='word_1_108' title='bbox 50 1727 70 1789; x_wconf 91' lang='lat' dir='ltr'>si</span> <span class='ocrx_word' id='word_1_109' title='bbox 85 1729 243 1814; x_wconf 82' lang='lat' dir='ltr'>gladium</span> <span class='ocrx_word' id='word_1_110' title='bbox 267 1750 376 1814; x_wconf 88' lang='lat' dir='ltr'>parvo</span> <span class='ocrx_word' id='word_1_111' title='bbox 400 1751 505 1814; x_wconf 91' lang='lat' dir='ltr'>puero</span> <span class='ocrx_word' id='word_1_112' title='bbox 523 1739 580 1793; x_wconf 91' lang='lat' dir='ltr'>aut</span> <span class='ocrx_word' id='word_1_113' title='bbox 597 1728 624 1793; x_wconf 90' lang='lat' dir='ltr'>si</span> <span class='ocrx_word' id='word_1_114' title='bbox 640 1726 815 1792; x_wconf 90' lang='lat' dir='ltr'>imbecillo</span> <span class='ocrx_word' id='word_1_115' title='bbox 832 1724 905 1789; x_wconf 91' lang='lat' dir='ltr'>seni</span> <span class='ocrx_word' id='word_1_116' title='bbox 923 1734 980 1788; x_wconf 91' lang='lat' dir='ltr'>aut</span> <span class='ocrx_word' id='word_1_117' title='bbox 996 1723 1100 1789; x_wconf 92' lang='lat' dir='ltr'>debili</span> 
     </span>
     <span class='ocr_line' id='line_1_15' title="bbox 49 1824 1100 1915; baseline -0.001 -27"><span class='ocrx_word' id='word_1_118' title='bbox 49 1826 186 1903; x_wconf 84' lang='lat' dir='ltr'>dederis,</span> <span class='ocrx_word' id='word_1_119' title='bbox 207 1829 288 1915; x_wconf 86' lang='lat' dir='ltr'>ipse</span> <span class='ocrx_word' id='word_1_120' title='bbox 304 1830 432 1914; x_wconf 91' lang='lat' dir='ltr'>impetu</span> <span class='ocrx_word' id='word_1_121' title='bbox 449 1851 511 1895; x_wconf 95' lang='lat' dir='ltr'>suo</span> <span class='ocrx_word' id='word_1_122' title='bbox 528 1828 656 1894; x_wconf 91' lang='lat' dir='ltr'>nemini</span> <span class='ocrx_word' id='word_1_123' title='bbox 672 1836 806 1900; x_wconf 89' lang='lat' dir='ltr'>noceat,</span> <span class='ocrx_word' id='word_1_124' title='bbox 826 1824 879 1890; x_wconf 91' lang='lat' dir='ltr'>sin</span> <span class='ocrx_word' id='word_1_125' title='bbox 901 1824 945 1889; x_wconf 88' lang='lat' dir='ltr'>ad</span> <span class='ocrx_word' id='word_1_126' title='bbox 969 1824 1100 1889; x_wconf 89' lang='lat' dir='ltr'>nudum</span> 
     </span>
     <span class='ocr_line' id='line_1_16' title="bbox 49 1923 1102 2014; baseline 0.001 -28"><span class='ocrx_word' id='word_1_127' title='bbox 49 1927 93 1988; x_wconf 87' lang='lat' dir='ltr'>vel</span> <span class='ocrx_word' id='word_1_128' title='bbox 115 1925 300 1994; x_wconf 84' lang='lat' dir='ltr'>fortissimi</span> <span class='ocrx_word' id='word_1_129' title='bbox 316 1929 379 1993; x_wconf 90' lang='lat' dir='ltr'>viri</span> <span class='ocrx_word' id='word_1_130' title='bbox 405 1950 528 2014; x_wconf 91' lang='lat' dir='ltr'>corpus</span> <span class='ocrx_word' id='word_1_131' title='bbox 551 1927 743 2001; x_wconf 90' lang='lat' dir='ltr'>accesserit,</span> <span class='ocrx_word' id='word_1_132' title='bbox 763 1924 870 2011; x_wconf 89' lang='lat' dir='ltr'>possit</span> <span class='ocrx_word' id='word_1_133' title='bbox 886 1923 960 1990; x_wconf 88' lang='lat' dir='ltr'>acie</span> <span class='ocrx_word' id='word_1_134' title='bbox 976 1923 1051 2009; x_wconf 88' lang='lat' dir='ltr'>ipsa</span> <span class='ocrx_word' id='word_1_135' title='bbox 1069 1934 1102 1987; x_wconf 92' lang='lat' dir='ltr'>et</span> 
     </span>
     <span class='ocr_line' id='line_1_17' title="bbox 13 2022 1101 2102; baseline 0.004 -16"><span class='ocrx_word' id='word_1_136' title='bbox 13 2034 20 2061; x_wconf 41' lang='lat'>‘¹</span> <span class='ocrx_word' id='word_1_137' title='bbox 50 2022 117 2089; x_wconf 81' lang='lat' dir='ltr'>ferri</span> <span class='ocrx_word' id='word_1_138' title='bbox 142 2028 282 2094; x_wconf 91' lang='lat' dir='ltr'>viribus</span> <span class='ocrx_word' id='word_1_139' title='bbox 306 2029 506 2102; x_wconf 80' lang='lat' dir='ltr'>volnerare3</span> <span class='ocrx_word' id='word_1_140' title='bbox 534 2028 583 2092; x_wconf 80' lang='lat' dir='ltr'>sic</span> <span class='ocrx_word' id='word_1_141' title='bbox 605 2049 684 2092; x_wconf 91' lang='lat' dir='ltr'>cum</span> <span class='ocrx_word' id='word_1_142' title='bbox 706 2025 902 2092; x_wconf 89' lang='lat' dir='ltr'>hominibus</span> <span class='ocrx_word' id='word_1_143' title='bbox 930 2022 1101 2090; x_wconf 87' lang='lat' dir='ltr'>enervatis</span> 
     </span>
     <span class='ocr_line' id='line_1_18' title="bbox 14 2125 1101 2215; baseline 0.005 -30"><span class='ocrx_word' id='word_1_144' title='bbox 14 2154 15 2157; x_wconf 36' lang='lat'>¹</span> <span class='ocrx_word' id='word_1_145' title='bbox 52 2133 138 2210; x_wconf 89' lang='lat' dir='ltr'>atque</span> <span class='ocrx_word' id='word_1_146' title='bbox 163 2127 408 2215; x_wconf 86' lang='lat' dir='ltr'>exsanguibus</span> <span class='ocrx_word' id='word_1_147' title='bbox 433 2128 629 2197; x_wconf 90' lang='lat' dir='ltr'>consulatus</span> <span class='ocrx_word' id='word_1_148' title='bbox 652 2137 829 2214; x_wconf 90' lang='lat' dir='ltr'>tamquam</span> <span class='ocrx_word' id='word_1_149' title='bbox 854 2125 992 2213; x_wconf 88' lang='lat' dir='ltr'>gladius</span> <span class='ocrx_word' id='word_1_150' title='bbox 1012 2135 1101 2191; x_wconf 91' lang='lat' dir='ltr'>esset</span> 
     </span>
     <span class='ocr_line' id='line_1_19' title="bbox 13 2221 1099 2314; baseline 0.006 -31"><span class='ocrx_word' id='word_1_151' title='bbox 13 2264 15 2273; x_wconf 25' lang='grc' dir='ltr'>κ</span> <span class='ocrx_word' id='word_1_152' title='bbox 51 2221 150 2300; x_wconf 90' lang='lat' dir='ltr'>datus,</span> <span class='ocrx_word' id='word_1_153' title='bbox 165 2228 225 2313; x_wconf 95' lang='lat' dir='ltr'>qui</span> <span class='ocrx_word' id='word_1_154' title='bbox 242 2249 306 2314; x_wconf 90' lang='lat' dir='ltr'>per</span> <span class='ocrx_word' id='word_1_155' title='bbox 316 2249 353 2292; x_wconf 92' lang='lat' dir='ltr'>se</span> <span class='ocrx_word' id='word_1_156' title='bbox 367 2248 521 2313; x_wconf 87' lang='lat' dir='ltr'>pungere</span> <span class='ocrx_word' id='word_1_157' title='bbox 535 2227 708 2291; x_wconf 90' lang='lat' dir='ltr'>neminem</span> <span class='ocrx_word' id='word_1_158' title='bbox 721 2247 886 2313; x_wconf 92' lang='lat' dir='ltr'>umquam</span> <span class='ocrx_word' id='word_1_159' title='bbox 897 2225 1099 2313; x_wconf 92' lang='lat' dir='ltr'>potuissent,</span> 
     </span>
     <span class='ocr_line' id='line_1_20' title="bbox 14 2319 1099 2412; baseline 0.006 -29"><span class='ocrx_word' id='word_1_160' title='bbox 14 2366 16 2371; x_wconf 69' lang='lat'>,</span> <span class='ocrx_word' id='word_1_161' title='bbox 52 2319 77 2383; x_wconf 88' lang='lat' dir='ltr'>ei</span> <span class='ocrx_word' id='word_1_162' title='bbox 97 2329 222 2392; x_wconf 84' lang='lat' dir='ltr'>summi</span> <span class='ocrx_word' id='word_1_163' title='bbox 258 2327 377 2412; x_wconf 92' lang='lat' dir='ltr'>imperi</span> <span class='ocrx_word' id='word_1_164' title='bbox 402 2326 539 2391; x_wconf 88' lang='lat' dir='ltr'>nomine</span> <span class='ocrx_word' id='word_1_165' title='bbox 564 2327 685 2391; x_wconf 87' lang='lat' dir='ltr'>armati</span> <span class='ocrx_word' id='word_1_166' title='bbox 705 2338 809 2391; x_wconf 90' lang='lat' dir='ltr'>totam</span> <span class='ocrx_word' id='word_1_167' title='bbox 827 2349 899 2392; x_wconf 89' lang='lat' dir='ltr'>rem</span> <span class='ocrx_word' id='word_1_168' title='bbox 924 2327 1099 2412; x_wconf 88' lang='lat' dir='ltr'>publicam</span> 
     </span>
     <span class='ocr_line' id='line_1_21' title="bbox 52 2425 1100 2512; baseline 0.01 -30"><span class='ocrx_word' id='word_1_169' title='bbox 52 2427 380 2493; x_wconf 87' lang='lat' dir='ltr'>contrucidaverunt.</span> <span class='ocrx_word' id='word_1_170' title='bbox 419 2425 556 2491; x_wconf 87' lang='lat' dir='ltr'>Foedus</span> <span class='ocrx_word' id='word_1_171' title='bbox 572 2426 727 2492; x_wconf 84' lang='lat' dir='ltr'>iecerunt</span> <span class='ocrx_word' id='word_1_172' title='bbox 743 2448 821 2491; x_wconf 93' lang='lat' dir='ltr'>cum</span> <span class='ocrx_word' id='word_1_173' title='bbox 838 2427 974 2493; x_wconf 89' lang='lat' dir='ltr'>tribuno</span> <span class='ocrx_word' id='word_1_174' title='bbox 990 2426 1100 2512; x_wconf 91' lang='lat' dir='ltr'>plebis</span> 
     </span>
     <span class='ocr_line' id='line_1_22' title="bbox 13 2523 1101 2614; baseline 0.005 -28"><span class='ocrx_word' id='word_1_175' title='bbox 13 2550 16 2586; x_wconf 72' lang='grc' dir='ltr'><strong>ι</strong></span> <span class='ocrx_word' id='word_1_176' title='bbox 53 2523 170 2601; x_wconf 87' lang='lat' dir='ltr'>palam,</span> <span class='ocrx_word' id='word_1_177' title='bbox 194 2539 234 2593; x_wconf 88' lang='lat' dir='ltr'>ut</span> <span class='ocrx_word' id='word_1_178' title='bbox 260 2524 303 2590; x_wconf 88' lang='lat' dir='ltr'>ab</span> <span class='ocrx_word' id='word_1_179' title='bbox 328 2547 369 2591; x_wconf 90' lang='lat' dir='ltr'>eo</span> <span class='ocrx_word' id='word_1_180' title='bbox 393 2526 587 2610; x_wconf 91' lang='lat' dir='ltr'>provincias</span> <span class='ocrx_word' id='word_1_181' title='bbox 615 2526 811 2611; x_wconf 90' lang='lat' dir='ltr'>acciperent</span> <span class='ocrx_word' id='word_1_182' title='bbox 834 2549 921 2614; x_wconf 89' lang='lat' dir='ltr'>quas</span> <span class='ocrx_word' id='word_1_183' title='bbox 945 2527 1010 2613; x_wconf 87' lang='lat' dir='ltr'>ipsi</span> <span class='ocrx_word' id='word_1_184' title='bbox 1029 2528 1101 2591; x_wconf 92' lang='lat' dir='ltr'>vel-</span> 
     </span>
     <span class='ocr_line' id='line_1_23' title="bbox 13 2618 1098 2715; baseline 0.011 -36"><span class='ocrx_word' id='word_1_185' title='bbox 13 2650 15 2665; x_wconf 69' lang='lat'>2</span> <span class='ocrx_word' id='word_1_186' title='bbox 53 2618 131 2697; x_wconf 83' lang='lat' dir='ltr'>lent3</span> <span class='ocrx_word' id='word_1_187' title='bbox 157 2626 351 2693; x_wconf 89' lang='lat' dir='ltr'>exercitum</span> <span class='ocrx_word' id='word_1_188' title='bbox 371 2637 402 2690; x_wconf 91' lang='lat' dir='ltr'>et</span> <span class='ocrx_word' id='word_1_189' title='bbox 419 2626 601 2711; x_wconf 89' lang='lat' dir='ltr'>pecuniam</span> <span class='ocrx_word' id='word_1_190' title='bbox 625 2636 789 2713; x_wconf 89' lang='lat' dir='ltr'>quantam</span> <span class='ocrx_word' id='word_1_191' title='bbox 806 2627 934 2691; x_wconf 89' lang='lat' dir='ltr'>vellent</span> <span class='ocrx_word' id='word_1_192' title='bbox 949 2647 991 2691; x_wconf 88' lang='lat' dir='ltr'>ea</span> <span class='ocrx_word' id='word_1_193' title='bbox 1007 2628 1098 2715; x_wconf 91' lang='lat' dir='ltr'>lege,</span> 
     </span>
     <span class='ocr_line' id='line_1_24' title="bbox 13 2718 1101 2813; baseline 0.006 -29"><span class='ocrx_word' id='word_1_194' title='bbox 13 2750 15 2755; x_wconf 96' lang='lat'>·</span> <span class='ocrx_word' id='word_1_195' title='bbox 54 2718 76 2781; x_wconf 85' lang='lat' dir='ltr'>si</span> <span class='ocrx_word' id='word_1_196' title='bbox 99 2722 162 2808; x_wconf 89' lang='lat' dir='ltr'>ipsi</span> <span class='ocrx_word' id='word_1_197' title='bbox 193 2726 291 2813; x_wconf 89' lang='lat' dir='ltr'>prius</span> <span class='ocrx_word' id='word_1_198' title='bbox 318 2727 453 2793; x_wconf 91' lang='lat' dir='ltr'>tribuno</span> <span class='ocrx_word' id='word_1_199' title='bbox 481 2724 591 2809; x_wconf 90' lang='lat' dir='ltr'>plebis</span> <span class='ocrx_word' id='word_1_200' title='bbox 619 2725 792 2789; x_wconf 88' lang='lat' dir='ltr'>adflictam</span> <span class='ocrx_word' id='word_1_201' title='bbox 821 2737 854 2790; x_wconf 89' lang='lat' dir='ltr'>et</span> <span class='ocrx_word' id='word_1_202' title='bbox 882 2727 1101 2792; x_wconf 89' lang='lat' dir='ltr'>constrictam</span> 
     </span>
     <span class='ocr_line' id='line_1_25' title="bbox 54 2824 1101 2911; baseline 0.007 -26"><span class='ocrx_word' id='word_1_203' title='bbox 54 2838 115 2885; x_wconf 78' lang='lat' dir='ltr'>rem</span> <span class='ocrx_word' id='word_1_204' title='bbox 147 2827 325 2911; x_wconf 90' lang='lat' dir='ltr'>publicam</span> <span class='ocrx_word' id='word_1_205' title='bbox 362 2824 609 2891; x_wconf 76' lang='lat' dir='ltr'>tradidissentt</span> <span class='ocrx_word' id='word_1_206' title='bbox 649 2824 685 2889; x_wconf 93' lang='lat' dir='ltr'>id</span> <span class='ocrx_word' id='word_1_207' title='bbox 721 2836 834 2889; x_wconf 90' lang='lat' dir='ltr'>autem</span> <span class='ocrx_word' id='word_1_208' title='bbox 870 2825 991 2891; x_wconf 82' lang='lat' dir='ltr'>foedus</span> <span class='ocrx_word' id='word_1_209' title='bbox 1022 2848 1101 2892; x_wconf 92' lang='lat' dir='ltr'>meo</span> 
     </span>
     <span class='ocr_line' id='line_1_26' title="bbox 14 2900 1102 3012; baseline 0.006 -26.994"><span class='ocrx_word' id='word_1_210' title='bbox 14 2900 22 3007; x_wconf 74' lang='lat' dir='ltr'>l</span> <span class='ocrx_word' id='word_1_211' title='bbox 54 2926 216 3009; x_wconf 81' lang='lat' dir='ltr'>unguine</span> <span class='ocrx_word' id='word_1_212' title='bbox 250 2926 293 2991; x_wconf 86' lang='lat' dir='ltr'>ici</span> <span class='ocrx_word' id='word_1_213' title='bbox 326 2947 426 3011; x_wconf 91' lang='lat' dir='ltr'>posse</span> <span class='ocrx_word' id='word_1_214' title='bbox 455 2924 626 2990; x_wconf 89' lang='lat' dir='ltr'>dicebant.</span> <span class='ocrx_word' id='word_1_215' title='bbox 692 2923 774 3009; x_wconf 78' lang='lat' dir='ltr'>Qua</span> <span class='ocrx_word' id='word_1_216' title='bbox 806 2947 843 2991; x_wconf 91' lang='lat' dir='ltr'>re</span> <span class='ocrx_word' id='word_1_217' title='bbox 875 2926 1102 3012; x_wconf 88' lang='lat' dir='ltr'>patefacta-</span> 
     </span>
     <span class='ocr_line' id='line_1_27' title="bbox 54 3025 1101 3112; baseline 0.003 -23"><span class='ocrx_word' id='word_1_218' title='bbox 54 3037 156 3107; x_wconf 74' lang='lat' dir='ltr'>neque</span> <span class='ocrx_word' id='word_1_219' title='bbox 189 3026 283 3092; x_wconf 89' lang='lat' dir='ltr'>enim</span> <span class='ocrx_word' id='word_1_220' title='bbox 319 3025 527 3091; x_wconf 89' lang='lat' dir='ltr'>dissimulari</span> <span class='ocrx_word' id='word_1_221' title='bbox 562 3038 693 3093; x_wconf 89' lang='lat' dir='ltr'>tanturn</span> <span class='ocrx_word' id='word_1_222' title='bbox 729 3029 843 3092; x_wconf 84' lang='lat' dir='ltr'>scelus</span> <span class='ocrx_word' id='word_1_223' title='bbox 874 3038 1006 3112; x_wconf 87' lang='lat' dir='ltr'>poterat</span> <span class='ocrx_word' id='word_1_224' title='bbox 1036 3048 1101 3092; x_wconf 90' lang='lat' dir='ltr'>nec</span> 
     </span>
     <span class='ocr_line' id='line_1_28' title="bbox 53 3115 1101 3216; baseline 0.011 -37"><span class='ocrx_word' id='word_1_225' title='bbox 53 3115 482 3214; x_wconf 84' lang='lat' dir='ltr'>latere—promulgantur</span> <span class='ocrx_word' id='word_1_226' title='bbox 508 3148 576 3192; x_wconf 92' lang='lat' dir='ltr'>uno</span> <span class='ocrx_word' id='word_1_227' title='bbox 605 3130 795 3216; x_wconf 90' lang='lat' dir='ltr'>eodemque</span> <span class='ocrx_word' id='word_1_228' title='bbox 821 3140 974 3212; x_wconf 89' lang='lat' dir='ltr'>tempore</span> <span class='ocrx_word' id='word_1_229' title='bbox 1000 3147 1101 3215; x_wconf 89' lang='lat' dir='ltr'>roga-</span> 
     </span>
     <span class='ocr_line' id='line_1_29' title="bbox 13 3216 1102 3315; baseline 0.013 -36"><span class='ocrx_word' id='word_1_230' title='bbox 13 3276 14 3279; x_wconf 63' lang='lat'>,</span> <span class='ocrx_word' id='word_1_231' title='bbox 55 3216 154 3289; x_wconf 90' lang='lat' dir='ltr'>tiones</span> <span class='ocrx_word' id='word_1_232' title='bbox 171 3228 217 3292; x_wconf 90' lang='lat' dir='ltr'>ab</span> <span class='ocrx_word' id='word_1_233' title='bbox 235 3227 354 3292; x_wconf 90' lang='lat' dir='ltr'>eodem</span> <span class='ocrx_word' id='word_1_234' title='bbox 373 3226 508 3297; x_wconf 84' lang='lat' dir='ltr'>tribuno</span> <span class='ocrx_word' id='word_1_235' title='bbox 525 3229 568 3292; x_wconf 88' lang='lat' dir='ltr'>de</span> <span class='ocrx_word' id='word_1_236' title='bbox 586 3250 662 3294; x_wconf 92' lang='lat' dir='ltr'>mea</span> <span class='ocrx_word' id='word_1_237' title='bbox 687 3230 839 3315; x_wconf 88' lang='lat' dir='ltr'>pernicie</span> <span class='ocrx_word' id='word_1_238' title='bbox 856 3241 889 3293; x_wconf 93' lang='lat' dir='ltr'>et</span> <span class='ocrx_word' id='word_1_239' title='bbox 905 3229 948 3294; x_wconf 90' lang='lat' dir='ltr'>de</span> <span class='ocrx_word' id='word_1_240' title='bbox 964 3227 1102 3315; x_wconf 91' lang='lat' dir='ltr'>provin·</span> 
     </span>
     <span class='ocr_line' id='line_1_30' title="bbox 13 3316 882 3419; baseline 0.016 -40"><span class='ocrx_word' id='word_1_241' title='bbox 13 3343 17 3379; x_wconf 72' lang='lat'>1</span> <span class='ocrx_word' id='word_1_242' title='bbox 56 3316 110 3385; x_wconf 87' lang='lat' dir='ltr'>ciis</span> <span class='ocrx_word' id='word_1_243' title='bbox 132 3327 312 3419; x_wconf 89' lang='lat' dir='ltr'>consulum</span> <span class='ocrx_word' id='word_1_244' title='bbox 338 3327 636 3393; x_wconf 83' lang='lat' dir='ltr'>nominatim...</span> <span class='ocrx_word' id='word_1_245' title='bbox 877 3396 882 3405; x_wconf 75' lang='grc'>,</span> 
     </span>
     <span class='ocr_line' id='line_1_31' title="bbox 13 3425 1099 3517; baseline 0.003 -25"><span class='ocrx_word' id='word_1_246' title='bbox 13 3438 15 3475; x_wconf 77' lang='lat'><em>³</em></span> <span class='ocrx_word' id='word_1_247' title='bbox 93 3435 127 3483; x_wconf 89' lang='lat'>11.</span> <span class='ocrx_word' id='word_1_248' title='bbox 150 3425 235 3493; x_wconf 84' lang='lat' dir='ltr'>Erat</span> <span class='ocrx_word' id='word_1_249' title='bbox 262 3425 365 3514; x_wconf 89' lang='lat' dir='ltr'>igitur</span> <span class='ocrx_word' id='word_1_250' title='bbox 392 3426 428 3491; x_wconf 92' lang='lat' dir='ltr'>in</span> <span class='ocrx_word' id='word_1_251' title='bbox 452 3428 545 3493; x_wconf 92' lang='lat' dir='ltr'>luctu</span> <span class='ocrx_word' id='word_1_252' title='bbox 567 3440 707 3494; x_wconf 86' lang='lat' dir='ltr'>senatus</span> <span class='ocrx_word' id='word_1_253' title='bbox 728 3451 736 3506; x_wconf 84' lang='lat'><em>3</em></span> <span class='ocrx_word' id='word_1_254' title='bbox 765 3430 945 3517; x_wconf 88' lang='lat' dir='ltr'>squalebat</span> <span class='ocrx_word' id='word_1_255' title='bbox 967 3428 1099 3505; x_wconf 88' lang='lat' dir='ltr'>civitas,</span> 
     </span>
     <span class='ocr_line' id='line_1_32' title="bbox 14 3519 1101 3604; baseline 0.007 -19"><span class='ocrx_word' id='word_1_256' title='bbox 14 3538 16 3577; x_wconf 83' lang='grc' dir='ltr'><strong><em>ῑ</em></strong></span> <span class='ocrx_word' id='word_1_257' title='bbox 57 3519 195 3604; x_wconf 51' lang='lat' dir='ltr'>publico,</span> <span class='ocrx_word' id='word_1_258' title='bbox 216 3526 358 3592; x_wconf 89' lang='lat' dir='ltr'>consilio</span> <span class='ocrx_word' id='word_1_259' title='bbox 386 3539 480 3592; x_wconf 90' lang='lat' dir='ltr'>veste</span> <span class='ocrx_word' id='word_1_260' title='bbox 512 3541 670 3603; x_wconf 86' lang='lat' dir='ltr'>mutata3</span> <span class='ocrx_word' id='word_1_261' title='bbox 711 3530 844 3594; x_wconf 90' lang='lat' dir='ltr'>nullum</span> <span class='ocrx_word' id='word_1_262' title='bbox 877 3543 950 3596; x_wconf 91' lang='lat' dir='ltr'>erat</span> <span class='ocrx_word' id='word_1_263' title='bbox 981 3530 1101 3595; x_wconf 90' lang='lat' dir='ltr'>Italiae</span> 
     </span>
     <span class='ocr_line' id='line_1_33' title="bbox 13 3624 1101 3715; baseline 0.006 -29"><span class='ocrx_word' id='word_1_264' title='bbox 13 3648 14 3657; x_wconf 51' lang='lat'>¹</span> <span class='ocrx_word' id='word_1_265' title='bbox 58 3624 285 3712; x_wconf 80' lang='lat' dir='ltr'>municipium,</span> <span class='ocrx_word' id='word_1_266' title='bbox 316 3627 411 3691; x_wconf 92' lang='lat' dir='ltr'>nulla</span> <span class='ocrx_word' id='word_1_267' title='bbox 443 3629 591 3703; x_wconf 90' lang='lat' dir='ltr'>colonia,</span> <span class='ocrx_word' id='word_1_268' title='bbox 621 3629 717 3693; x_wconf 91' lang='lat' dir='ltr'>nulla</span> <span class='ocrx_word' id='word_1_269' title='bbox 748 3630 975 3715; x_wconf 83' lang='lat' dir='ltr'>praefectura,</span> <span class='ocrx_word' id='word_1_270' title='bbox 1006 3630 1101 3695; x_wconf 90' lang='lat' dir='ltr'>nulla</span> 
     </span>
     <span class='ocr_line' id='line_1_34' title="bbox 58 3710 1102 3816; baseline 0.006 -29"><span class='ocrx_word' id='word_1_271' title='bbox 58 3710 184 3791; x_wconf 82' lang='lat' dir='ltr'>Rornae</span> <span class='ocrx_word' id='word_1_272' title='bbox 216 3727 362 3795; x_wconf 85' lang='lat' dir='ltr'>societas</span> <span class='ocrx_word' id='word_1_273' title='bbox 393 3727 629 3813; x_wconf 87' lang='lat' dir='ltr'>vectigalium,</span> <span class='ocrx_word' id='word_1_274' title='bbox 654 3729 787 3793; x_wconf 88' lang='lat' dir='ltr'>nullum</span> <span class='ocrx_word' id='word_1_275' title='bbox 814 3729 1011 3816; x_wconf 88' lang='lat' dir='ltr'>conlegium</span> <span class='ocrx_word' id='word_1_276' title='bbox 1044 3739 1102 3793; x_wconf 87' lang='lat' dir='ltr'>aut</span> 
     </span>
     <span class='ocr_line' id='line_1_35' title="bbox 58 3824 1099 3912; baseline 0.009 -30"><span class='ocrx_word' id='word_1_277' title='bbox 58 3824 231 3890; x_wconf 84' lang='lat' dir='ltr'>concilium</span> <span class='ocrx_word' id='word_1_278' title='bbox 265 3838 322 3891; x_wconf 91' lang='lat' dir='ltr'>aut</span> <span class='ocrx_word' id='word_1_279' title='bbox 349 3826 489 3891; x_wconf 92' lang='lat' dir='ltr'>omnino</span> <span class='ocrx_word' id='word_1_280' title='bbox 522 3827 661 3912; x_wconf 89' lang='lat' dir='ltr'>aliquod</span> <span class='ocrx_word' id='word_1_281' title='bbox 693 3849 876 3895; x_wconf 89' lang='lat' dir='ltr'>commune</span> <span class='ocrx_word' id='word_1_282' title='bbox 905 3827 1099 3902; x_wconf 89' lang='lat' dir='ltr'>consilium,</span> 
     </span>
     <span class='ocr_line' id='line_1_36' title="bbox 61 3923 1102 4015; baseline 0 -26"><span class='ocrx_word' id='word_1_283' title='bbox 61 3923 142 3996; x_wconf 73' lang='lat' dir='ltr'>quod</span> <span class='ocrx_word' id='word_1_284' title='bbox 156 3936 226 3993; x_wconf 89' lang='lat' dir='ltr'>turn</span> <span class='ocrx_word' id='word_1_285' title='bbox 249 3948 319 3993; x_wconf 91' lang='lat' dir='ltr'>non</span> <span class='ocrx_word' id='word_1_286' title='bbox 343 3926 685 4015; x_wconf 80' lang='lat' dir='ltr'>hpnorificentissime</span> <span class='ocrx_word' id='word_1_287' title='bbox 702 3929 745 3993; x_wconf 87' lang='lat' dir='ltr'>de</span> <span class='ocrx_word' id='word_1_288' title='bbox 762 3950 840 3992; x_wconf 90' lang='lat' dir='ltr'>mea</span> <span class='ocrx_word' id='word_1_289' title='bbox 857 3930 967 3993; x_wconf 88' lang='lat' dir='ltr'>salute</span> <span class='ocrx_word' id='word_1_290' title='bbox 983 3928 1102 3993; x_wconf 90' lang='lat' dir='ltr'>decre-</span> 
     </span>
     <span class='ocr_line' id='line_1_37' title="bbox 60 4012 1100 4104; baseline 0.011 -19"><span class='ocrx_word' id='word_1_291' title='bbox 60 4012 171 4089; x_wconf 80' lang='lat' dir='ltr'>visset:</span> <span class='ocrx_word' id='word_1_292' title='bbox 197 4047 275 4096; x_wconf 90' lang='lat' dir='ltr'>cum</span> <span class='ocrx_word' id='word_1_293' title='bbox 299 4021 411 4093; x_wconf 86' lang='lat' dir='ltr'>subito</span> <span class='ocrx_word' id='word_1_294' title='bbox 434 4024 573 4095; x_wconf 84' lang='lat' dir='ltr'>edicunt</span> <span class='ocrx_word' id='word_1_295' title='bbox 595 4027 664 4092; x_wconf 92' lang='lat' dir='ltr'>duo</span> <span class='ocrx_word' id='word_1_296' title='bbox 687 4029 861 4104; x_wconf 91' lang='lat' dir='ltr'>consules,</span> <span class='ocrx_word' id='word_1_297' title='bbox 879 4027 976 4093; x_wconf 86' lang='lat' dir='ltr'>atad</span> <span class='ocrx_word' id='word_1_298' title='bbox 1000 4047 1100 4096; x_wconf 83' lang='lat' dir='ltr'>suum</span> 
     </span>
    </p>
   </div>
   <div class='ocr_carea' id='block_1_3' title="bbox 0 0 1296 4442">
    <p class='ocr_par' dir='ltr' id='par_1_3' title="bbox 0 0 1296 4442">
     <span class='ocr_line' id='line_1_38' title="bbox 0 0 1296 4442; baseline 0 0"><span class='ocrx_word' id='word_1_299' title='bbox 0 0 1296 4442; x_wconf 95' lang='lat' dir='ltr'> </span> 
     </span>
    </p>
   </div>
  </div>
 </body>
</html>
