2722 4438
1089 66 1139 93 Γ·
1165 68 1169 79 r

1085 104 1149 173 ik)
1165 92 1242 156 Ιχ.)

117 239 148 278 X·
165 223 222 336 ³².']
360 224 396 292 T
390 226 432 290 lre
460 224 670 314 Judgments
693 227 741 315 qf
753 226 941 314 Posterity.
1106 245 1174 316 219

81 425 421 515 qugnas
452 426 725 503 innumerabilis,
758 426 967 492 incredibilis
998 426 1171 505 victoriae,

1 528 3 531 ’
114 526 344 602 monimenta,
370 548 525 602 munera,
549 527 740 611 triumphos
764 527 942 591 audientes
966 537 999 592 et
1018 528 1189 615 legentes,

113 636 208 691 tuos.
255 644 303 692 aa.
327 625 399 692 Sed
415 626 479 690 nisi
497 627 584 691 haec
606 627 687 690 urbs
712 626 859 691 stabilita
882 626 949 692 tuis
974 628 1123 694 consiliis
1141 639 1174 694 et

113 726 278 793 institutis
292 727 365 803 erit,
380 725 562 812 vagabitur
579 726 680 791 modo
696 736 791 790 tuum
809 747 936 792 nomen
951 726 1056 815 longe
1072 739 1173 814 atque

1 831 6 833 ’
114 826 208 890 late:
234 826 350 890 sedem
368 825 525 889 stabilem
545 834 577 890 et
596 825 807 890 domicilium
828 841 957 891 certum
977 849 1046 892 non
1066 828 1172 892 habe·

1 930 9 1003 J
113 924 180 989 bit.
229 924 301 989 Erit
318 925 479 988 intereos
495 923 599 988 etiam
614 923 672 1010 qui
690 936 885 1001 nascentur,
905 925 991 991 sicut
1007 926 1093 992 inter
1109 948 1171 992 nos

2 1014 10 1105 s
114 1023 194 1099 fuit,
214 1045 341 1111 magna
373 1023 553 1099 dissensi0,
583 1044 662 1088 curn
691 1024 749 1088 alii
777 1025 936 1091 laudibus
965 1027 1009 1090 ad
1038 1027 1172 1091 caelum

1 1132 3 1136 ‘
113 1145 174 1187 res
199 1134 277 1215 tuas»
298 1135 414 1210 gestas
431 1122 585 1199 efferent,
606 1123 663 1188 alii
680 1123 822 1191 fortasse
839 1126 967 1212 aliquid
984 1126 1169 1213 requirent,

3 1214 11 1237 ³
113 1222 222 1309 idque
239 1225 294 1288 vel
312 1222 514 1299 maximum,
533 1223 598 1289 nisi
615 1224 697 1289 belli
714 1225 822 1290 civilis
842 1226 1040 1291 incendium
1064 1227 1172 1292 salute

3 1333 9 1337 ’
114 1323 251 1407 patriae
286 1322 494 1399 restinxeris,
520 1335 557 1389 ut
582 1324 668 1390 illud
694 1325 757 1416 Q
778 1326 883 1390 fuisse
909 1326 1078 1403 videatur,
1105 1327 1172 1391 hoc

1 1414 12 1509 J
115 1422 252 1486 consili.
302 1421 401 1488 Servi
420 1422 525 1510 igitur
552 1424 601 1490 eis
633 1425 942 1513 etiamofficium,
970 1425 1029 1512 qui
1057 1426 1172 1491 multis

3 1530 11 1539 ²
114 1533 196 1606 post
212 1523 358 1587 saeculis
376 1523 420 1587 de
435 1535 467 1588 te
488 1523 703 1612 judicabunt,
722 1536 755 1589 et
770 1524 909 1611 quidem
930 1525 1023 1589 haud
1040 1525 1110 1590 scio
1128 1546 1172 1589 an

7 1618 12 1639 ”
114 1621 347 1708 incorruptius
374 1644 480 1709 quarn
505 1646 578 1689 nos.
625 1622 718 1688 Nam
744 1635 778 1689 et
804 1624 877 1689 sine
907 1644 1022 1690 amore
1042 1634 1075 1688 et
1098 1624 1172 1689 sine

1 1711 6 1743 ³
115 1721 303 1807 cupiditate
320 1732 353 1787 et
369 1745 486 1789 rursus
503 1723 575 1789 sine
589 1724 667 1789 odio
681 1735 713 1788 et
725 1723 799 1789 sine
813 1723 941 1788 invidia
954 1723 1169 1812 judicabunt.

1 1841 3 1844 ’
113 1838 166 1886 ao.
191 1820 232 1887 Id
248 1834 362 1887 autem
379 1823 482 1888 etiam
499 1823 527 1890 si
551 1835 622 1888 tum
644 1825 688 1889 ad
711 1826 756 1899 te,
775 1833 812 1887 ut
834 1825 976 1910 quidam
999 1823 1085 1889 salso
1110 1845 1172 1908 pu·

5 1924 9 2013 J
114 1924 204 1999 tant,
224 1944 291 1988 non
308 1923 500 2008 pertinebit,
517 1942 609 1988 nunc
625 1934 716 1989 certe
732 1922 879 2008 pertinet
894 1943 969 1988 esse
993 1934 1026 1988 te
1050 1923 1168 1997 talem,

113 2035 154 2091 ut
174 2037 251 2089 tuas
268 2023 388 2088 laudes
404 2024 627 2088 obscuratura
644 2023 738 2087 nulla
754 2044 918 2109 umquam
936 2023 977 2088 sit
992 2022 1149 2115 oblivio>
1167 2014 1192 2069 '¹-

4 2114 5 2117 '
142 2196 145 2199 ,
164 2145 202 2190 Χ.
229 2123 397 2189 Diversae
410 2124 601 2188 voluntates
615 2122 739 2188 civium
757 2108 905 2198 fuerunt,
921 2028 1177 2209 distractaequd

8 2242 9 2245 ’
114 2225 320 2293 sententiae.
369 2222 451 2289 Non
476 2224 567 2287 enim
592 2222 742 2288 consiliis
766 2223 877 2287 solum
902 2232 936 2288 et
959 2223 1090 2299 studiis,
1109 2224 1171 2289 sed

6 2328 8 2333 ’
115 2326 224 2391 armis
248 2324 350 2390 etiam
373 2333 406 2387 et
429 2323 548 2388 castris
573 2323 837 2393 dissidebamus.
886 2322 970 2388 Erat
995 2323 1085 2388 enirn
1111 2325 1171 2388 ob-

114 2426 263 2498 scuritas
279 2423 449 2511 quaedam
458 2440 469 2496 ς
486 2431 559 2487 erat
571 2433 742 2488 certarnen
767 2422 854 2486 inter
878 2422 1084 2487 clarissimos
1109 2423 1171 2488 du·
1220 2438 1226 2447 '

3 2550 7 2553 ¹
113 2548 197 2593 ces:
226 2525 321 2590 multi
340 2522 542 2587 dubitabant
556 2522 638 2609 quid
655 2522 822 2606 optimum
846 2531 947 2598 esset,
967 2522 1062 2587 multi
1087 2524 1170 2608 quid

113 2627 182 2693 sibi
215 2625 404 2711 expediret,
433 2622 529 2686 multi
584 2621 642 2686 uid
673 2621 822 2723 dpeeret,
850 2642 918 2684 non
951 2621 1035 2684 nulli
1066 2622 1168 2686 etiam

3 2733 6 2801 j
112 2726 199 2815 quid
229 2727 344 2791 iceret.
392 2741 434 2789 ³1.
465 2644 874 2805 Pffiiibdffrdspublica
891 2730 942 2785 est
958 2719 1024 2785 hoc
1043 2721 1170 2785 misero

4 2822 5 2825 '
111 2826 279 2913 fatalique
307 2826 415 2910 ,elloz
442 2825 522 2889 vicit
546 2822 587 2905 iS,
609 2819 666 2907 qui
692 2841 760 2883 non
784 2818 918 2883 fortuna
942 2818 1170 2917 iQmet
1248 2864 1251 2870 ι

9 2996 26 3013 ,1
39 2926 233 3015 ἰ,(,μοάἰιιιτι
250 2918 438 3001 ειιιιῖὴ,”εε(1
455 2923 604 2988 bonitate
621 2919 761 2991 leniret3
788 2938 900 3003 neque
916 2917 1027 2982 omnis
1045 2918 1168 3004 quibus

9 3046 10 3051 ’
112 3027 166 3091 ira
205 3007 355 3100 sesses,
366 3025 505 3090 eosdem
527 3019 665 3109 [etiam]
694 3016 815 3108 ‹³3sson
832 3028 890 3081 aut
914 3029 1020 3082 morte
1044 3018 1168 3104 dignos

10 3126 24 3205 ἲ
53 3114 105 3131 ””
117 3037 335 3214 Jssress‘
353 3122 462 3188 Arma
487 3124 531 3187 ab
548 3121 624 3186 aliis
641 3110 827 3205 positasab
844 3117 918 3182 aliis
935 3129 1051 3202 erepta
1075 3129 1164 3182 sunt.

92 3218 277 3311 'Ingratus
301 3235 352 3289 est
374 3224 588 3312 injustusque
613 3221 709 3295 civis,
728 3217 798 3306 qui,
819 3238 991 3282 armorum
1016 3217 1169 3302 periculo

9 3314 16 3329 ’
111 3327 291 3399 liberatus,
319 3322 473 3387 animum
498 3333 614 3386 tamen
640 3320 760 3383 retinet
787 3328 976 3390 armatum;
1001 3327 1037 3381 ut
1065 3317 1167 3383 etiam

111 3426 172 3489 ille
190 3424 310 3489 melior
326 3423 367 3487 sit
383 3422 441 3510 qui
458 3421 493 3485 in
510 3419 584 3485 acie
601 3419 736 3492 cecidit,
755 3417 813 3504 qui
831 3417 865 3481 in
883 3437 989 3481 causa
1014 3417 1166 3481 animam

110 3523 276 3610 profudit.
338 3521 441 3608 Quae
465 3521 556 3585 enirn
581 3517 769 3606 pertinacia
792 3517 1013 3603 quibusdam,
1045 3518 1166 3582 eadem

112 3623 190 3689 aliis
222 3622 412 3687 constantia
443 3620 551 3685 videri
583 3628 703 3703 potest.
764 3632 811 3680 ³2.
850 3615 922 3681 Sed
951 3616 1024 3704 jam
1056 3617 1166 3681 omnis

7 3736 8 3777 3
110 3723 222 3787 fracta
243 3720 410 3787 dissensio
427 3731 478 3785 est
494 3719 608 3791 armis,
622 3716 790 3781 exstincta
816 3715 984 3802 aequitate
1008 3716 1166 3782 victorisr

6 3828 8 3915 ὲ
111 3832 218 3886 restat
233 3831 270 3885 ut
285 3841 406 3885 omnes
423 3840 529 3883 unum
545 3817 663 3891 velint,
682 3815 738 3901 qui
760 3815 862 3907 modo
887 3815 1014 3879 habent
1038 3814 1167 3901 aliquid

111 3942 183 3989 non
200 3921 311 3988 solum
329 3919 531 4009 SQQ
551 3916 730 3985 sedetiam
748 3910 912 4059 sanitatis.
961 3913 1038 3978 Nisi
1052 3925 1101 4000 ge,
1120 3913 1163 3978 C.

545 4157 657 4207 κ
817 4062 827 4229 i

761 4286 809 4387 s
