2760 4448
207 262 253 329 60
431 264 611 353 Pompey's
633 264 801 354 Mziimry
830 265 1031 333 Command.
1123 264 1247 336 [Manu

251 479 279 527 o.
303 465 420 533 Causa
447 486 536 554 quae
561 465 769 549 sitvidetis:
798 489 890 534 nunc
913 466 998 555 quid
1019 468 1190 554 agendum
1212 468 1252 533 sit

207 567 433 633 considerate.
481 566 634 632 Primum
663 566 747 631 mihi
774 568 906 632 videtur
934 568 978 633 de
1006 588 1134 655 genere
1160 568 1248 643 belli,

208 666 330 755 deinde
350 668 394 732 de
414 666 664 754 magnitudine,
685 668 821 731 tum-de
844 667 1050 752 imperatore
1074 668 1251 754 deligendo

207 787 282 832 esse
299 767 495 832 dicendum.
541 765 661 831 Genus
678 777 728 831 est
743 766 825 830 belli
841 766 915 855 ejus
932 767 1039 842 modi,
1054 769 1145 853 quod
1162 789 1252 831 max-

207 866 274 931 ime
291 877 419 931 vestros
437 866 569 931 animos
585 867 735 930 excitare
752 879 853 952 atque
875 866 1092 931 inflammare
1116 868 1160 931 ad
1181 888 1253 952 per·

207 966 371 1054 sequendi
385 966 532 1031 studium
546 967 690 1058 (Qatt
715 966 749 1029 in
763 988 830 1053 quo
844 966 956 1053 agitur
973 967 1091 1052 populi
1109 966 1253 1031 Romani

207 1066 331 1153 gloria,
345 1086 435 1151 quae
451 1065 548 1130 vobis
564 1086 585 1130 a
602 1065 788 1154 majoribus
805 1088 883 1130 cum
902 1087 1033 1155 magna
1050 1067 1085 1130 in
1101 1066 1253 1130 omnibus

207 1166 309 1230 rebus
335 1176 407 1229 tum
435 1186 570 1255 summa
598 1165 633 1229 in
662 1186 698 1229 re
726 1165 862 1231 militari
890 1168 1016 1232 tradita
1043 1175 1114 1240 est3
1146 1166 1255 1253 agitur
1346 1200 1347 1205 κ

208 1266 300 1330 salus
317 1265 487 1331 sociorum
504 1262 824 1352 atqueamicorum,
842 1287 904 1352 pro
928 1287 999 1352 qua
1023 1266 1131 1331 multa
1154 1265 1254 1353 majo·

207 1387 262 1434 res
281 1366 388 1451 vestri
394 1386 536 1453 magna
560 1376 594 1430 et
616 1365 737 1452 gravia
760 1365 852 1430 bella
875 1377 1079 1454 gesserunt3
1112 1376 1255 1453 aguntur

207 1464 396 1530 certissima
412 1465 530 1551 populi
543 1465 696 1530 Romani
709 1465 893 1552 vectigalia
905 1476 938 1531 et
954 1465 1123 1553 maxima,
1138 1466 1256 1555 quibus

208 1566 341 1631 amissis
358 1576 391 1631 et
406 1565 502 1651 pacis
518 1575 719 1630 ornamenta
724 1568 769 1630 et
785 1565 937 1631 subsidia
952 1565 1036 1631 belli
1060 1554 1254 1659 “QX-³133

207 1677 356 1779 aguntur
373 1667 462 1731 bona
479 1665 662 1730 multorum
682 1664 822 1740 civium,
840 1666 964 1753 qu
988 1678 1041 1731 est
1065 1687 1086 1730 a
1109 1664 1204 1730 vobis
1226 1673 1257 1727 et

206 1766 358 1852 ipsorum
375 1777 409 1831 et
425 1788 473 1830 rer
464 1766 649 1851 publicae
665 1785 771 1830 causa
787 1766 1050 1831 consulendum.
1089 1784 1142 1829 111.
1167 1779 1194 1825 7·
1216 1762 1263 1844 Et⁸

206 1868 369 1952 quoniam
400 1887 536 1951 semper
567 1876 766 1950 appetentes
797 1865 929 1952 gloriae
960 1877 1099 1951 praeter
1130 1875 1256 1929 ceteras

206 1966 318 2052 gentis
335 1976 436 2051 atque
453 1965 545 2030 avidi
562 1965 673 2029 laudis
693 1963 814 2040 fuistis,
833 1965 980 2029 delenda
1005 1977 1058 2030 est
1080 1964 1178 2030 uobis
1201 1962 1257 2052 illa

207 2065 343 2129 macula
364 2063 632 2150 [Mithridatico]
656 2064 747 2128 bello
771 2063 945 2149 superiore
970 2075 1153 2177 concepta,
1173 2081 1257 2148 quae
1346 2138 1347 2141 Ἴ

206 2163 341 2250 penitus
360 2164 434 2251 jum
458 2163 582 2258 insedit
605 2183 647 2226 ac
663 2163 764 2227 nimis
781 2163 982 2261 ifflssffflt
998 2164 1033 2227 in
1054 2163 1170 2249 populi
1188 2162 1257 2226 Ro·

207 2263 300 2327 mani
313 2264 463 2338 nomine,
474 2262 641 2349 -quod
633 2284 674 2338 rs,
690 2262 747 2348 qui
760 2285 829 2329 uno
841 2264 910 2340 die,
923 2275 991 2329 tota
1003 2264 1038 2328 in
1053 2263 1153 2339 Asia,
1167 2273 1212 2327 tot
1223 2261 1256 2324 in

207 2363 414 2439 civitatibus,
425 2384 494 2428 uno
506 2362 625 2428 nuntio
642 2375 743 2449 atque
760 2383 829 2427 una
845 2363 1098 2450 significatione
1116 2363 1257 2452 [littera-

205 2463 299 2578 rum]
321 2463 404 2528 civis
421 2462 600 2553 Romanos
617 2463 791 2528 necandos
807 2463 1097 2552 trucidandosque
1120 2466 1256 2530 denota-

155 2742 159 2750 ·
205 2665 335 2730 scelere
355 2663 517 2749 suscepit,
536 2663 596 2728 sed
617 2664 660 2727 ab
684 2663 743 2728 illo
766 2675 919 2748 tempore
944 2685 1073 2728 annum
1095 2665 1169 2753 jam
1193 2677 1256 2727 ter-

205 2744 288 2829 tium
302 2776 334 2829 et
346 2764 546 2829 vicesimum
559 2773 693 2850 regnat,
709 2774 742 2828 et
757 2762 803 2827 ita
817 2774 950 2849 regnat,
965 2774 1001 2827 ut
1017 2786 1053 2828 se
1071 2786 1142 2831 non
1159 2759 1255 2828 Ponti

204 2886 316 2952 neque
333 2863 577 2961 Cappadociae
594 2863 733 2927 latebris
752 2864 924 2928 occultare
949 2864 1041 2957 velit,
1061 2865 1124 2929 sed
1148 2883 1255 2927 emer-

205 2987 293 3081 gere.
305 2987 348 3030 ex
355 2963 473 3050 patrio
490 2978 598 3050 regno
615 2975 716 3048 atque
733 2962 768 3026 in
788 2962 907 3028 vestris
932 2964 1171 3050 vectigalibus
1191 2964 1254 3026 hoc

204 3077 266 3139 est,
285 3066 319 3129 in
336 3064 443 3129 Asiae
459 3064 536 3127 luce
553 3062 694 3126 versari.
743 3075 770 3122 8.
795 3061 929 3127 Etenim
947 3064 1088 3128 adhuc
1080 3077 1127 3129 ita
1151 3059 1254 3128 nostri

204 3185 283 3228 cum
308 3165 365 3229 illo
389 3184 470 3251 rege
495 3161 771 3227 contenderunt
762 3173 997 3248 imperatores,
1016 3175 1053 3229 ut
1069 3166 1112 3230 ab
1128 3162 1213 3229 illo
1203 3183 1254 3226 m·

204 3263 317 3349 signia
348 3263 522 3337 victoriae,
548 3283 617 3326 non
645 3261 820 3326 victoriam
846 3273 1066 3351 sSEQFiQt·
1116 3264 1253 3328 Trium·

204 3362 322 3446 phavit
338 3361 381 3426 L.
398 3362 508 3457 Q,
523 3361 745 3446 triumphavit
761 3361 804 3426 L.
821 3362 969 3451 Mur-epa
983 3364 1026 3428 de
1039 3363 1250 3437 Mithridate,

203 3462 272 3526 duo
296 3461 467 3526 fortissimi
492 3460 554 3525 viri
580 3473 612 3525 et
633 3460 756 3525 summi
779 3458 1022 3547 impe‘iafo'r'es3
1052 3465 1112 3529 sed
1132 3465 1177 3528 ita
1196 3460 1252 3526 tri-

203 3562 424 3645 umpharunt,
440 3571 476 3625 ut
491 3561 548 3624 ille
565 3561 683 3644 pulsus
701 3574 948 3648 superatusque
966 3577 1137 3650 regnaret.
1182 3559 1251 3625 Ve-

202 3683 279 3725 rum
295 3671 409 3725 tamen
426 3660 493 3724 illis
510 3659 770 3744 imperatoribus
788 3662 863 3725 laus
883 3674 934 3725 est
957 3662 1137 3728 tribuenda
1161 3658 1251 3748 quod

203 3771 359 3848 egerunt,
373 3758 474 3824 venia
491 3760 606 3823 danda
619 3760 710 3844 quod
727 3759 948 3846 reliquerunt,
964 3775 1145 3847 propterea
1160 3757 1250 3848 quod

203 3862 247 3925 ab
270 3881 311 3924 eo
335 3859 425 3924 bello
449 3857 525 3923 Sull
607 3856 643 3922 in
666 3858 801 3924 Italiam
820 3860 1043 3946 respublica,
1066 3862 1248 3929 Murenam

202 3958 301 4025 Sulla
325 3879 586 4141 revocavit&
