2722 4438
137 294 188 335 x11.
210 274 271 352 38.]'
321 279 416 346 How
446 278 564 345 Caesar
586 280 648 345 llas
672 282 757 346 used
776 281 830 346 his
865 280 1015 369 Vz‘ctory.
1123 301 1185 367 233

180 500 226 548 ar.
249 483 322 546 Fac
346 480 461 568 igitur,
480 481 572 566 quod
596 481 639 546 de
663 482 802 547 homine
826 483 1038 550 nobilissimo
1062 494 1095 550 et
1118 484 1189 549 cla-

136 583 271 648 rissimo
298 580 406 645 fecisti
435 602 545 665 nuper
572 581 607 645 in
633 582 740 656 curia,
760 604 851 647 nunc
876 583 966 647 idem
989 583 1024 649 in
1048 585 1121 649 foro
1145 585 1188 649 de

136 681 272 767 optimis
289 691 322 745 et
342 680 422 744 huic
447 679 541 744 omni
567 680 777 767 frequentiae
805 683 1052 766 probatissimis
1078 684 1188 749 fratri·

135 783 210 847 bus.
254 751 514 847 [iiconeessisti
532 779 628 843 illum
646 780 791 855 senatui,
811 782 860 845 sic
875 782 920 846 da
937 783 1029 847 hunc
1046 784 1185 868 populo,

136 881 234 969 cujus
259 879 470 944 voluntatem
496 878 710 942 carissimam
738 900 874 964 semper
902 881 1080 957 habuisti3⁸
1095 893 1139 957 et,
1159 881 1187 947 si

136 980 194 1045 ille
207 980 280 1045 dies
293 978 352 1043 tibi
366 977 645 1065 gloriosissimus
661 979 788 1063 populo
801 979 962 1045 Romano
974 982 1187 1067 gratissimus

136 1081 211 1155 fuit,
235 1078 318 1154 noli,
340 1078 495 1152 obsecro,
526 1077 696 1151 dubitare,
724 1076 766 1143 C.
795 1076 938 1155 Caesar,
967 1080 1112 1144 similem
1139 1082 1187 1145 illi

136 1179 268 1267 gloriae
293 1179 431 1242 laudem
447 1159 551 1262 qubm
569 1177 770 1262 saepissime
787 1199 965 1264 quaerere.
1014 1179 1112 1244 Nihil
1137 1192 1188 1246 est

136 1292 207 1343 tam
233 1279 398 1363 populare
426 1298 531 1362 quam
559 1277 705 1351 bonitas
730 1277 824 1342 nulla
852 1279 896 1343 de
921 1278 1098 1344 virtutibus
1121 1281 1188 1345 tuis

136 1379 292 1464 plurimis
316 1398 381 1442 nec
398 1376 631 1441 admirabilior
648 1398 712 1441 nec
728 1378 857 1464 gratior
873 1377 1106 1444 misericordia
1123 1390 1185 1444 est.

135 1497 182 1544 as.
206 1478 375 1543 Homines
392 1476 483 1541 enirn
501 1476 544 1540 ad
562 1476 644 1541 deos
670 1477 765 1540 nulla
796 1498 833 1542 re
857 1478 996 1562 propius
1021 1480 1189 1545 accedunt

136 1601 241 1666 quam
273 1578 417 1642 salutem
450 1575 645 1640 hominibus
678 1576 801 1641 dando.
860 1576 957 1640 Nihil
989 1579 1092 1642 habet
1124 1600 1188 1644 nec

136 1681 272 1745 fortuna
296 1689 354 1741 tua
379 1675 489 1763 majus
505 1696 609 1761 quam
631 1686 667 1739 ut
691 1674 814 1759 possis,
833 1697 897 1740 nec
921 1686 1041 1741 natura
1066 1678 1187 1743 melius

136 1800 241 1866 quam
269 1786 305 1841 ut
332 1775 429 1849 velis,
455 1795 593 1839 servare
621 1795 724 1860 quam
749 1775 926 1859 plurimos.
976 1774 1186 1863 Longiorem

136 1877 325 1945 orationem
358 1895 462 1940 causa
493 1873 633 1938 forsitan
664 1875 822 1958 postulet,
855 1884 913 1938 tua
945 1886 1034 1940 certe
1066 1887 1188 1940 natura

136 1978 340 2045 breviorem.
362 2053 367 2067 Ι
391 1972 472 2058 Qua
488 1995 620 2038 recum
638 1972 752 2037 utilius
769 1994 844 2038 esse
862 1974 1003 2038 arbitrer
1018 1986 1050 2039 te
1074 1974 1187 2059 ipsum

136 2066 241 2166 quarn
268 2098 323 2141 me
349 2085 406 2139 aut
423 2093 630 2160 quemquam
659 2073 751 2159 loqui
777 2083 903 2148 tecum,
921 2074 1024 2137 finem
1045 2074 1118 2162 jam
1138 2074 1188 2138 fa-

137 2181 249 2244 ciam:
282 2187 414 2241 tantum
446 2185 477 2239 te
507 2173 712 2249 admonebo,
740 2173 769 2238 si
800 2174 849 2238 illi
880 2174 1011 2240 absenti
1043 2177 1187 2240 salutem

136 2278 286 2354 dederis
306 2274 542 2362 praesentibus
566 2274 619 2339 his
643 2273 801 2341 omnibus
824 2285 857 2341 te
879 2276 1050 2343 daturum.
1070 2282 1114 2345 Ψ.

422 2448 493 2495 ‘fx'
590 2422 604 2481 η’
882 2494 887 2501 ,

417 2494 602 2579 illim(
662 2491 781 2570 <M
847 2520 852 2529 ¹
934 2492 1000 2531 'i‘

460 2699 488 2737 ”
563 2638 988 2829 φάλῖιὶῃῖ,
1067 2753 1071 2765 ,
