2722 4438
168 281 234 353 204
525 263 683 350 Desertae
706 264 754 350 of
774 263 877 329 ΜιἸο.
971 308 973 313 -
1110 262 1224 332 [Mna

167 463 393 549 impulissent,
421 474 458 528 ut
482 463 586 529 homo
611 462 829 528 effeminatus
854 463 1075 529 fortissimum
1108 465 1228 530 virum

167 576 347 630 conaretur
363 563 532 639 occidere,
552 564 653 629 hodie
669 585 742 628 rem
763 564 936 649 publicam
960 565 1089 628 nullam
1115 566 1229 631 habe-

167 663 259 729 retis.
307 682 356 728 so.
379 662 438 727 An
454 664 511 728 ille
528 673 676 748 praetor,
698 664 755 728 ille
772 683 854 729 vero
870 663 1004 740 consul,
1018 665 1102 730 -si
1119 666 1230 731 inodo

168 765 255 829 haec
266 764 394 849 templa
408 774 509 849 atque
525 763 601 847 ipsa
619 762 755 827 moenia
772 774 861 827 stare
879 783 920 829 eo
936 763 1014 829 vivo
1026 776 1096 829 tam
1113 766 1172 830 diu
1191 775 1231 830 et

168 865 381 930 consulatum
407 862 480 951 ejus
504 873 704 947 exspectare
729 863 1053 946 potuissent,-ille
1073 864 1231 950 denique

167 965 265 1029 vivus
282 962 364 1027 mali
380 962 466 1027 nihil
479 961 627 1036 fecisset,
642 961 700 1048 qui
719 973 883 1039 mortuus,
898 985 968 1029 uno
981 985 1024 1029 ex
1038 967 1108 1031 suis
1121 965 1232 1029 satel-

166 1063 281 1128 litibus
310 1062 413 1149 [Sex.
441 1060 582 1148 Clodio]
611 1061 713 1136 duce,
731 1063 863 1127 curiam
892 1063 1103 1128 incenderit?
1139 1063 1232 1150 Qo

167 1163 250 1247 quid
274 1161 445 1236 miserius,
459 1161 541 1247 quid
559 1159 730 1236 acerbius,
750 1162 832 1248 quid
848 1163 1035 1228 luctuosius
1051 1161 1234 1229 vidimus?

168 1262 354 1346 Templum
396 1260 595 1336 sanctitatiS,
638 1262 885 1346 amplitudinis,
926 1262 1060 1338 mentis,
1102 1263 1234 1327 consili

168 1361 309 1446 publici,
335 1371 438 1445 caput
460 1359 567 1435 urbm,
590 1381 684 1425 aram
706 1361 888 1438 sociorum,
903 1374 1044 1451 'portum
1068 1362 1236 1427 omniurn

169 1461 337 1550 gentium,
367 1461 484 1525 sedern
517 1461 561 1525 ab
593 1461 909 1547 universo'populo
940 1483 1139 1527 concessam
1164 1461 1236 1526 uni

169 1561 293 1636 ordini,
312 1559 529 1636 inflammari,
548 1560 717 1636 exscindi,
736 1560 922 1627 firnestari?
955 1583 1066 1647 neque
1090 1562 1125 1626 id
1149 1561 1237 1626 fieri

170 1681 190 1724 a
217 1659 430 1725 multitudine
447 1659 878 1747 imperita-quamquam
896 1672 985 1726 esset
1001 1661 1162 1725 miserum
1190 1661 1237 1727 id

170 1761 283 1846 ipsum
294 1761 413 1826 —sed
431 1761 474 1825 ab
490 1759 582 1826 uno?
621 1759 692 1845 Qi
710 1782 787 1825 cum
801 1772 934 1825 tantum
952 1782 1056 1826 ausus
1073 1761 1115 1826 sit
1130 1772 1238 1826 ustor

170 1882 231 1946 pro
249 1872 394 1938 mortuo,
409 1862 492 1948 quid
509 1860 651 1948 signifer
667 1882 730 1944 pro
745 1860 823 1925 vivo
840 1882 909 1925 non
926 1872 1015 1925 esset
1031 1859 1157 1925 ausus?
1181 1860 1238 1926 In

171 1961 301 2025 curiam
319 1955 532 2046 potissimum
545 1959 680 2049 abjecit,
693 1970 731 2025 ut
746 1981 823 2025 eam
840 1971 993 2025 mortuus
1010 1960 1233 2036 incenderet,

170 2082 274 2148 quarn
291 2061 388 2126 vivus
405 2072 583 2126 everterat.
632 2078 674 2125 91.
699 2061 743 2126 Et
767 2072 846 2125 sunt
870 2061 928 2146 qui
956 2061 999 2125 de
1024 2059 1080 2123 via
1105 2057 1236 2145 Appia

170 2173 368 2248 querantur,
395 2172 531 2226 taceant
561 2162 604 2226 de
636 2160 751 2227 curia!
786 2170 819 2224 et
845 2161 903 2246 qui
932 2161 976 2224 ab
1003 2182 1045 2225 eo
1071 2161 1236 2244 spirante

169 2262 280 2327 forum
316 2271 434 2347 putent
471 2262 621 2346 potuisse
652 2261 803 2335 defendi,
837 2259 934 2347 cujus
966 2282 1034 2324 non
1066 2260 1236 2326 restiterit

170 2362 329 2426 cadaveri
348 2359 464 2425 curia!
497 2354 681 2436 ¹Excitate‚
700 2359 846 2425 excitate
870 2360 995 2445 ipsum,
1014 2359 1042 2424 si
1067 2359 1230 2444 potestiS,

169 2482 189 2525 a
216 2462 367 2527 mortuis.
416 2461 598 2549 Frangetis
623 2461 790 2545 impetum
814 2459 895 2534 vivi,
915 2459 1012 2546 cujus
1037 2458 1096 2523 vix
1122 2461 1234 2524 susti-

168 2562 254 2627 netis
280 2562 386 2627 surias
413 2561 595 2647 insepulti?
642 2559 720 2625 Nisi
742 2581 824 2624 vero
850 2558 1055 2624 sustinuistis
1080 2579 1139 2623 eos
1163 2561 1232 2645 qui

167 2681 246 2726 curn
278 2662 411 2728 facibus
442 2663 486 2727 ad
524 2662 653 2726 curiam
689 2670 923 2734 cucurrerunt,
957 2679 1036 2722 curn
1074 2658 1232 2725 falcibus

167 2763 211 2825 ad
235 2760 400 2838 Castoris,
426 2782 504 2826 curn
530 2761 656 2849 gladiis
676 2770 744 2826 toto
768 2759 841 2824 foro
864 2757 1059 2824 volitarunt.
1108 2757 1229 2824 Caedi

166 2861 296 2927 vidistis
313 2862 476 2947 populum
496 2862 709 2935 Romanum,
728 2858 921 2925 contionem
946 2857 1072 2946 gladiis
1096 2857 1230 2923 distur-

164 2962 252 3036 bari,
286 2983 364 3026 cum
402 2960 576 3025 audiretur
616 2960 749 3025 silentio
789 2957 842 3021 M.
876 2957 1030 3034 Caelius,
1063 2958 1226 3026 tribunus

166 3061 287 3146 plebis,
306 3061 358 3125 vir
374 3071 406 3124 et
427 3060 461 3123 in
486 3081 522 3124 re
547 3060 684 3145 publica
710 3058 924 3132 fortissimus,
943 3070 976 3122 et
999 3058 1034 3120 in
1059 3072 1225 3142 suscepta

165 3182 269 3226 causa
294 3159 521 3234 firmissimus,
540 3172 574 3225 et
596 3160 764 3225 bonorum
781 3156 946 3223 voluntati
969 3166 1003 3221 et
1026 3157 1223 3222 auctoritati

165 3272 302 3325 senatus
331 3260 477 3337 deditus,
496 3271 529 3324 et
556 3259 590 3340 in
620 3259 685 3323 hac
713 3257 855 3322 Milonis
884 3256 956 3320 sive
983 3255 1114 3320 invidia
1144 3256 1222 3322 sive

164 3358 298 3423 fortuna
326 3359 506 3446 singulari,
535 3359 651 3424 divina
677 3370 710 3422 et
735 3355 927 3422 incredibili
952 3356 1034 3420 fide.

208 3478 337 3522 xxxrv.
360 3477 408 3523 aa.
432 3461 503 3525 Sed
531 3460 602 3547 jam
636 3458 717 3522 satis
750 3459 855 3521 multa
882 3457 925 3522 de
951 3476 1077 3547 causan:
1118 3467 1220 3520 extra

165 3579 306 3623 causam
323 3559 425 3623 etiam
442 3561 543 3623 nimis
567 3559 709 3624 fortasse
734 3557 852 3620 multa.
903 3554 998 3640 Quid
1022 3566 1126 3620 restat
1150 3556 1218 3621 nisi

163 3668 200 3722 ut
224 3679 318 3723 orem
344 3659 557 3744 obtesterque
588 3679 662 3732 voS,
688 3656 836 3744 judices,
855 3665 892 3720 ut
919 3678 996 3721 earn
1025 3655 1220 3721 misericor-

135 3749 138 3756 ¹
164 3760 255 3825 diam
272 3758 425 3824 tribuatis
443 3758 623 3824 fortissimo
639 3758 724 3832 viro,
742 3777 846 3843 quam
863 3756 936 3841 ipse
952 3778 1021 3821 non
1040 3757 1216 3842 implorat,

164 3859 364 3944 ego-etiam
395 3868 609 3944 repugnante
641 3858 706 3922 hoc
738 3866 770 3921 et
801 3856 946 3940 imploro
978 3867 1011 3920 et
1041 3856 1218 3942 exposco?

164 3957 293 4034 Nolite,
321 3957 349 4023 si
375 3957 410 4022 in
438 3967 552 4021 nostro
579 3956 731 4023 omnium
759 3955 840 4020 fletu
872 3956 1002 4019 nullam
1034 3957 1220 4031 lacrimam
