2572 4442
190 198 235 263 86
469 198 683 288 Conspiracy
707 202 755 287 <ff
774 200 951 267 Catilina.

190 397 273 462 lium
298 398 395 480 ssffls
419 401 520 466 rebus
545 401 736 467 studentem
761 423 869 484 Q
889 422 959 466 sua
977 398 1120 467 occidit.
1166 398 1247 474 Fuit,
1274 441 1282 479 3

189 498 251 562 suit
267 499 330 563 ista
346 501 521 585 quondam
538 501 572 564 in
590 503 656 565 hac
672 524 709 566 re
726 503 865 587 publica
880 502 1013 576 virtum
1028 511 1068 563 ut
1080 492 1144 562 viri
1161 498 1249 563 sortes
1272 526 1275 539 ,

190 599 376 691 acgiorjhus
392 601 568 685 suppliciis
586 601 696 666 civem
713 602 956 688 perniciosum
979 621 1091 687 quam
1116 598 1251 662 acerbis·
1275 644 1277 727 ν

189 699 313 763 simum
337 701 469 793 lrostem
489 704 696 795 coerce-rent.
747 701 936 766 Habemus
958 711 1109 765 senatus
1130 700 1251 762 consul·
1275 784 1276 791 ἵ

188 810 260 863 tum
289 799 324 863 in
351 810 396 875 te,
420 797 582 875 Catilina,
603 803 791 866 vehemens
815 813 847 866 et
870 823 1007 889 grave.
1061 797 1144 862 Non
1171 798 1253 862 deest

188 899 236 964 rei
254 899 412 984 publicae
429 899 743 989 consilium,neque
755 903 947 966 auctoritas
976 899 1089 988 hujus
1114 896 1251 965 ordinis:
1281 976 1282 979 Ἴ

187 1021 263 1075 nos,
281 1022 356 1074 nos,
375 1000 452 1065 dico
470 1012 598 1084 aperte,
618 1002 776 1066 consules
793 1002 981 1066 desumus.

232 1119 271 1163 11.
297 1112 325 1159 4.
349 1098 511 1195 DEEsffilst
546 1101 720 1186 quondam
752 1113 903 1178 senatus,
943 1112 987 1165 ut
1021 1099 1070 1165 L.
1104 1096 1252 1183 Opimius
1281 1174 1282 1179 ἵ

187 1200 306 1264 consul
323 1199 512 1287 vide-regne
528 1200 610 1285 quid
630 1222 684 1265 res
709 1201 845 1286 publica
869 1200 1085 1291 deQfi
1112 1207 1250 1284 Q·
1279 1243 1282 1283 ¹3

186 1299 268 1364 Nox
288 1300 382 1363 nulla
398 1299 607 1365 intercessit:
636 1300 833 1366 interfectus
849 1315 900 1367 est
916 1316 1075 1388 propter
1092 1299 1251 1387 quasdam
1268 1300 1281 1365 l

186 1399 390 1472 seditionum
407 1400 619 1486 suspiciones
635 1400 892 1495 CQssllSs
911 1402 1249 1500 οἰκιῶ-ΨΜ,
1270 1344 1282 1485 i

186 1520 264 1575 avo,
291 1499 497 1588 majoribus3
529 1501 662 1566 occisus
681 1494 844 1567 ‘e'sT'c'irm
873 1503 998 1568 liberis
1031 1501 1088 1566 Μ.
1118 1497 1250 1564 Fulvius
1265 1530 1282 1591 ρ

186 1601 388 1666 consularis.
437 1599 549 1691 Simili
572 1612 711 1666 senatus
739 1604 893 1668 consulto
921 1602 967 1669 C.
985 1577 1282 1693 Mem(

157 1701 326 1791 ⁴Vplerio
357 1703 553 1767 consulibus
585 1714 636 1767 est
666 1702 833 1786 permissa
864 1723 919 1768 res
938 1686 1137 1789 publica:
1178 1690 1277 1762 num'

185 1782 407 1868 ufiffidiem
432 1815 549 1888 postea
574 1801 617 1867 L.
637 1800 861 1867 Saturninum
881 1803 1068 1868 tribunum
1092 1798 1208 1887 plebis
1225 1805 1250 1859 et
1281 1858 1282 1877 ἶ

185 1901 227 1969 C.
248 1902 432 1967 Servilium
449 1915 639 1987 praetorem
661 1901 770 1988 [mors
790 1902 848 1992 ac]
869 1902 918 1967 rei
941 1904 1119 1988 publicae
1145 1915 1249 1985 poena
1279 1894 1282 1983 J

184 2015 353 2067 remorata
378 2001 450 2068 est?
495 2001 544 2067 At
568 2023 630 2066 nos
654 2002 853 2095 vigesimum
874 2003 947 2090 jam
971 2005 1076 2068 diem
1103 1999 1250 2088 patimur
1279 2022 1280 2035 ¹

185 2103 370 2167 hebescere
390 2103 500 2185 aciem
521 2103 644 2165 horum
669 2101 888 2167 auctoritatis.
940 2103 1137 2168 Habemus
1163 2094 1248 2162 enim

185 2202 327 2289 hujusce
351 2203 443 2267 modi
467 2213 605 2289 senatus
630 2203 835 2276 consultum,
859 2224 980 2266 verum
1002 2204 1194 2268 inclusum
1218 2195 1247 2258 in

183 2302 320 2376 tabulis,
339 2313 513 2388 tamquam
531 2301 566 2364 in
582 2301 711 2388 vagina
730 2296 956 2378 reconciliem,
975 2324 1049 2389 quo
1078 2324 1126 2368 ex
1152 2314 1247 2363 sena·

183 2413 237 2465 tus
264 2402 418 2466 consulto
446 2401 625 2466 confestim
652 2412 685 2465 te
713 2400 927 2466 intersectum
955 2424 1048 2479 esse,
1077 2398 1244 2468 Catilina,

184 2502 353 2566 convenit.
402 2501 514 2575 Vivis,
533 2513 565 2565 et
580 2499 667 2564 vivis
684 2522 753 2565 non
771 2502 815 2565 ad
832 2502 1094 2587 deponendam,
1115 2499 1180 2566 sed
1204 2492 1244 2558 ad

183 2602 455 2667 confirmandam
487 2599 681 2665 audaciam.
730 2599 857 2685 Cupio,
887 2615 1002 2687 patres
1036 2593 1242 2682 conscripti,

183 2723 238 2781 me
255 2689 554 2789 esseclementem
564 2698 574 2764 Ξ
596 2694 753 2785 'cispio'in
770 2700 872 2764 tantis
891 2701 940 2765 rei
961 2703 1130 2786 publicae
1155 2692 1242 2783 peri·

182 2802 268 2867 culis
282 2823 336 2866 me
350 2824 417 2867 non
429 2802 630 2867 dissolutum
641 2800 749 2865 videri
761 2823 769 2873 3
788 2800 848 2865 sed
856 2800 929 2887 jam
941 2822 996 2865 me
1007 2801 1084 2886 ipse
1096 2796 1245 2887 iffi

181 2903 421 2989 nequitiaeque
438 2903 642 2967 condemno.
690 2914 717 2960 5.
741 2899 865 2965 Castra
881 2912 959 2964 sunt
975 2902 1010 2964 in
1028 2902 1134 2967 Italia
1159 2916 1238 2962 con-

180 3014 232 3067 tra
249 3005 414 3088 populum
431 3001 630 3065 Romanum
644 2999 679 3062 in
692 2998 848 3085 Etruriae
862 2998 1018 3091 faucibus
1030 3004 1236 3067 conlocata:
1265 3040 1269 3061 .

180 3104 303 3191 cgescit
319 3103 353 3166 in
370 3103 443 3168 dies
464 3099 618 3186 singulos
639 3068 995 3173 hosffimmmum
1028 3122 1152 3166 eorum
1178 3115 1234 3161 au-

179 3202 248 3266 tern
277 3198 465 3267 castrorum
492 3200 731 3283 imperatorem
755 3198 947 3285 ducemque
971 3200 1122 3266 hostium
1148 3200 1231 3264 intra

181 3303 317 3366 moenia
337 3314 438 3387 atque
458 3301 544 3365 adeo
564 3299 598 3362 in
619 3311 740 3363 senatu
759 3298 928 3375 videmus,
949 3299 1147 3366 intestinam
1172 3293 1231 3360 ali·

180 3423 283 3487 quam
300 3401 422 3466 cotidie
440 3399 626 3485 perniciem
644 3398 691 3463 rei
709 3398 866 3483 publicae
885 3401 1093 3465 molientem.
1144 3398 1183 3465 Si
1199 3404 1230 3458 te
1281 3390 1282 3413 ¹

184 3501 271 3589 jam,
290 3499 452 3574 Catilina,
472 3499 730 3583 comprehendi,
746 3498 774 3564 si
791 3499 934 3563 interfici
947 3500 1095 3587 jussero,
1111 3497 1224 3566 credo,

179 3602 243 3666 erit
268 3600 457 3664 verendum
485 3599 569 3662 mihi
597 3620 640 3663 ne
668 3621 736 3664 non
765 3600 831 3664 hoc
858 3600 969 3685 potius
997 3621 1116 3666 omnes
1146 3590 1226 3664 boni
1281 3598 1282 3609 ¹

179 3701 287 3782 serius
316 3721 336 3763 a
364 3719 430 3770 me,
457 3719 561 3784 quam
589 3699 768 3791 qrgisquam
798 3697 969 3789 crudelius
997 3699 1123 3765 factum
1150 3712 1223 3763 esse
1281 3702 1282 3707 ’

179 3802 281 3890 ᾁ-ἰ-ςᾳῐ.
330 3799 462 3864 Verum
479 3819 546 3885 ego
563 3798 642 3873 hoc,
659 3799 751 3884 quod
764 3798 836 3885 jam
853 3799 986 3883 pridem
1004 3798 1130 3863 factum
1150 3812 1222 3862 esse

179 3900 452 3990 oportuit,certa
477 3898 520 3963 de
545 3918 649 3963 causa
673 3898 825 3964 nondum
850 3898 1002 3963 adducor
1025 3909 1061 3962 ut
1085 3899 1216 3993 Qu·
