2572 4442
213 198 275 296 1o2
501 232 716 323 Conspiracy
740 235 787 322 ‘ff
806 234 982 301 Catilina.
1114 229 1245 301 [cffi-
1265 232 1285 283 Γ

208 441 262 498 tus
286 431 430 498 insidiae
454 443 543 510 sunt,
565 434 655 500 intus
678 434 849 501 inclusum
874 435 1089 523 periculum
1118 445 1188 511 est,
1213 426 1285 501 intd

209 545 260 597 est
291 534 408 624 hostis.
458 533 549 600 Cum
582 535 717 599 luxuria
749 537 860 648 opp-is,
888 557 975 600 cum
1010 536 1194 612 amentia,
1225 534 1285 703 cup

209 633 338 697 scelere
360 636 570 701 ¹certandum
603 646 664 699 est.
716 635 808 700 Huic
840 657 905 723 ego
943 657 1007 699 me
1039 636 1143 701 bello
1174 639 1267 701 duce

209 732 380 819 profiteor,
404 733 576 819 Qirites:
609 734 757 820 suscipio
777 735 980 799 inimicitias
1004 736 1204 800 hominum
1228 738 1285 822 pel

209 834 368 898 dirorum.
419 834 520 919 Quae
553 835 666 899 sanari
695 846 864 921 poterunt,
888 857 1136 924 quacumque
1158 840 1277 925 &ration

209 934 339 998 sanabo
352 956 359 1006 ;
380 925 470 1020 quae
483 936 670 999 resecanda
684 948 794 1010 erunt,
810 957 878 1001 non
893 937 1016 1022 patiar
1031 939 1082 1002 ad
1101 937 1285 1023 perniciem

209 1033 353 1098 civitatis
378 1055 529 1098 manere.
579 1033 728 1099 Proinde
753 1045 810 1099 aut
835 1049 980 1133 eQ,
1002 1049 1069 1102 aut
1094 1038 1285 1124 quiescant,

209 1143 279 1207 aut,
301 1132 330 1196 si
358 1144 391 1197 et
417 1133 452 1197 in
476 1133 616 1225 urbelet
640 1134 674 1198 in
699 1135 822 1200 eadem
847 1148 963 1203 mente
990 1148 1231 1224 permanent,
1256 1154 1285 1231 ea

208 1252 297 1318 quae
322 1245 494 1298 merentur
515 1231 727 1323 estQtent.
1173 1276 1188 1303 ι
1284 1240 1285 1273 ³

181 1303 304 1420 ssslffvr.
330 1348 372 1395 12.
395 1331 443 1397 At
466 1332 566 1397 etiam
591 1345 670 1399 sunt
692 1335 750 1422 qui
775 1336 830 1402 dic
855 1348 902 1415 nt,
925 1337 1113 1424 Quirites,
1138 1358 1160 1402 a
1183 1358 1239 1402 me
1258 1332 1285 1403 id

205 1432 368 1519 ¹exsilium
393 1432 538 1519 ejectum
563 1454 638 1498 esse
662 1358 893 1501 Catilinar'df
910 1437 1027 1523 Qod
1046 1459 1122 1526 ego
1141 1437 1172 1503 si
1190 1437 1285 1525 verb}

210 1531 352 1618 adsequi
369 1553 519 1697 PQ'
538 1533 619 1598 istos
636 1533 728 1620 ipsos
750 1537 861 1601 eicere
902 1583 910 1612 ,
928 1538 992 1625 qui
1020 1539 1120 1602 haec
1146 1533 1285 1637 ΙΨ

210 1643 274 1695 tur.
326 1631 417 1697 Hom
464 1635 554 1698 enirn
579 1634 739 1720 Vlffll‘issl
760 1637 899 1702 timidus
923 1649 987 1702 aut
1013 1639 1128 1702 etiam
1155 1656 1283 1749 PQ'

206 1706 326 1824 Q
353 1754 474 1798 vocem
502 1737 652 1822 consulis
676 1736 764 1801 ferre
788 1759 857 1803 non
878 1738 1013 1822 potuit:
1050 1738 1162 1804 simul
1190 1748 1280 1900 appas

210 1832 259 1896 ire
276 1832 309 1895 in
328 1834 486 1898 exsilium
507 1835 624 1922 jussus
643 1848 705 1913 est,
725 1837 848 1923 paruit.
898 1836 1023 1922 Qud?
1058 1849 1099 1902 ut
1118 1840 1205 1902 hest
1227 1855 1279 1899 mo

211 1932 278 2006 die,
295 1932 460 2017 Quirites,
480 1956 558 1999 cum
576 1937 668 2054 Q}
685 1959 782 2002 meae
799 1959 909 2022 paene
926 1938 1139 2056 interl-ectus
1157 1957 1274 2024 ess-Q,

211 2044 366 2097 senatum
386 2034 419 2098 in
442 2037 562 2101 aedem
582 2036 678 2122 Jovis
703 2038 847 2103 Statoris
871 2039 1084 2114 convocavi,
1111 2059 1188 2126 rem
1213 2056 1285 2100 omn

210 2155 289 2197 nem
319 2134 362 2198 ad
390 2146 504 2220 patres
528 2137 738 2222 conscriptos
764 2137 890 2219 detuli:
922 2158 991 2224 quo
1019 2160 1105 2203 curn
1131 2136 1272 2202 Catilina

209 2235 370 2347 Ver
392 2236 566 2322 quiscum
587 2250 723 2302 senator
748 2236 953 2322 appellavit?
986 2238 1073 2324 quis
1098 2230 1273 2303 salutavit?

211 2335 286 2420 quis
300 2336 452 2421 denique
469 2337 514 2400 ita
532 2337 666 2422 aspexit
682 2344 723 2402 ut
733 2339 902 2423 perditum
920 2337 1052 2414 civem,
1074 2358 1119 2402 ac
1136 2357 1203 2401 non
1220 2332 1285 2427 pol

209 2434 276 2499 tius
292 2446 328 2500 ut
341 2437 667 2521 importunissimum
681 2437 835 2502 hostem?
869 2436 1089 2520 Quinetiam
1104 2434 1269 2522 principes
1284 2436 1285 2517 l

210 2535 284 2622 ejus
308 2537 436 2601 ordinis
461 2551 591 2622 partein
616 2537 709 2601 illam
735 2537 988 2611 subselliorum,
1014 2538 1062 2602 ad
1088 2557 1195 2624 quam
1218 2526 1285 2595 illel

164 2674 184 2693 ,ι
211 2648 414 2725 accesserat,
433 2638 560 2701 nudam
579 2648 679 2723 atque
699 2637 837 2701 inanem
861 2638 1089 2722 reliquerunt.
1141 2651 1184 2699 1³.
1208 2630 1285 2725 Hic,

145 2820 147 2825 Ι
209 2756 276 2823 ego
299 2738 487 2802 vehemens
511 2736 568 2801 ille
593 2738 725 2812 consul,
744 2736 801 2823 qui
827 2738 932 2801 verbo
951 2736 1039 2802 civis
1057 2737 1094 2800 in
1113 2732 1263 2799 exsilium
1284 2728 1285 2771 l

140 2864 147 2871 ‘
208 2837 307 2913 eicio,
337 2826 491 2923 quaesivi
524 2857 544 2900 a
575 2835 725 2902 Catilina
756 2836 791 2900 in
823 2849 988 2901 nocturno
1020 2844 1198 2901 conventu
1226 2825 1262 2891 ad

208 2937 260 3002 M.
281 2937 434 3002 Laecam
489 2937 606 3002 isetn
675 2958 706 3001 e.
755 2934 845 3001 Cum
863 2936 934 3010 ille,
953 2935 1058 3002 homo
1081 2926 1260 2999 audacissi-

209 3060 297 3114 mus,
323 3036 531 3103 conscientia
556 3037 743 3110 convictus,
762 3035 1100 3138 primo‘reticpisget,
1123 3024 1258 3121 patefeci

208 3149 341 3202 cetera:
365 3137 447 3224 quid
464 3157 504 3200 ea
521 3146 620 3223 nocte
642 3135 781 3244 egipsgt,
799 3135 883 3221 quid
905 3134 940 3198 in
965 3132 1063 3220 prox'
1105 3155 1162 3199 am
1186 3148 1254 3193 con·

207 3237 379 3311 stituisset‚
404 3258 505 3323 quem
530 3235 738 3300 admodum
767 3234 922 3354 essetss
941 3234 1026 3299 ratio
1067 3234 1157 3299 otius
1184 3224 1254 3293 belli
1284 3266 1285 3307 ,

207 3336 390 3421 descripta,
420 3335 554 3400 edocui.
614 3333 704 3400 Cum
737 3335 932 3427 haes'taret‚
965 3355 1045 3398 cum
1075 3340 1251 3405 teneretur,

207 3435 360 3522 quaesivi
376 3436 457 3522 quid
475 3435 644 3554 Q
661 3434 831 3520 proficisci
856 3456 910 3508 eo,
932 3456 1001 3520 Q)
1025 3435 1099 3522 jam
1128 3429 1251 3516 pridem

206 3557 269 3622 par
293 3545 355 3609 ret,
369 3556 446 3598 cum
461 3557 568 3610 arma,
582 3554 659 3600 cum
674 3535 815 3608 securis,
830 3555 908 3599 cum
922 3533 1038 3608 fascis,
1054 3554 1133 3597 cum
1145 3529 1246 3633 tubas3

206 3656 285 3700 cuin
303 3634 402 3722 signa
420 3635 588 3709 militaria,
605 3656 682 3699 cum
701 3634 849 3720 aquilam
868 3633 960 3697 illam
975 3643 1186 3720 argenteam,
1200 3642 1247 3733 cul
1284 3698 1285 3705 ἵ

206 3734 263 3799 ille
280 3734 381 3798 etiam
400 3733 585 3807 sacrarium
604 3733 807 3820 [scelerum]
828 3733 919 3798 dorni
937 3754 1019 3797 suae
1036 3733 1171 3800 fecerat,
1189 3742 1244 3805 sct-
1284 3776 1285 3811 ,

206 3853 278 3944 aaut
296 3855 371 3899 esse
388 3834 624 3920 praemissam.
657 3850 699 3897 14.
723 3833 763 3898 In
780 3833 939 3898 exsilium
956 3833 1134 3917 eigigpaim,
1152 3839 1244 3913 quem
1284 3886 1285 3889 ,

212 3935 283 4025 jam
295 3934 486 4023 ingressum
498 3954 573 3998 esse
584 3933 618 3997 in
630 3931 952 4000 bellumvidebam?
977 3920 1239 4005 Etenimeredo,
1284 3942 1285 3953 ¹
