2760 4448
191 323 214 389 4
517 296 675 384 quence
699 295 747 384 of
760 268 928 362 Roscius:
1056 293 1162 362 [Rosc.
1183 295 1247 347 ΑΜ.

193 501 229 564 in
254 499 326 566 foro
351 507 385 564 et
408 497 518 587 inore
535 494 689 563 omnium
708 496 831 563 cotidie
847 496 1061 573 versabatur,
1079 495 1193 584 magis
1209 504 1249 560 ut

195 602 366 665 exsultare
383 598 525 664 victoria
542 598 725 662 nobilitatis
742 597 927 672 videretur,
945 617 1048 682 quam
1066 597 1184 660 timere
1202 617 1248 660 ne

194 701 276 786 quid
294 721 338 764 ex
354 720 395 763 ea
413 697 617 762 calamitatis
635 697 697 761 sibi
716 696 898 760 accideret.

238 818 265 865 τ.
289 799 397 863 Erant
425 798 455 863 ei
479 808 612 862 veteres
636 795 834 861 inimicitiae
860 816 938 860 curn
955 795 1088 860 duobus
1108 794 1248 859 Rosciis

194 897 383 973 Amerinis,
417 919 563 983 quorum
597 897 740 960 alterum
779 896 900 960 sedere
937 894 973 958 in
1008 904 1248 959 accusatorum

195 998 366 1062 subselliis
396 999 511 1073 video,
538 997 684 1061 alterum
713 994 776 1060 tria
805 995 948 1082 hujusce
973 995 1114 1080 praedia
1138 993 1248 1079 possi·

195 1098 276 1161 dere
294 1096 408 1161 audio.
459 1095 558 1180 Quas
575 1095 772 1160 inimicitias
789 1094 817 1183 si
834 1104 903 1158 tam
921 1114 1043 1159 cavere
1067 1094 1246 1179 potuisset,

195 1217 298 1281 quam
318 1208 467 1260 metuere
484 1196 628 1271 solebat,
646 1196 787 1259 viveret.
835 1193 959 1280 Neque
977 1194 1081 1268 enim,
1096 1193 1246 1281 judiceS,

195 1294 318 1382 injuria
343 1296 526 1360 metuebat.
576 1296 670 1361 Nam
695 1295 764 1360 duo
781 1294 834 1359 isti
853 1305 931 1358 sunt
945 1295 990 1358 T.
1011 1293 1144 1368 Roscii,
1162 1316 1250 1379 quo-

195 1416 270 1457 rum
289 1395 383 1458 alteri
402 1394 562 1480 Capitoni
580 1415 773 1482 cognomen
791 1405 854 1468 est,
873 1393 935 1458 iste
952 1393 1010 1479 qui
1027 1394 1123 1468 adest
1142 1393 1250 1480 Mag-

195 1515 260 1557 nus
284 1506 436 1568 vocatur,
462 1494 618 1559 homines
643 1494 745 1581 hujus
770 1494 884 1558 modi:
917 1487 1002 1557 alter
1021 1493 1248 1578 plurimarum

195 1594 387 1678 palmarum
401 1606 497 1658 vetus
511 1615 552 1657 ac
565 1594 689 1659 nobilis
703 1594 875 1681 gladiator
891 1594 1048 1669 habetur,
1063 1593 1118 1658 hic
1131 1603 1248 1656 autern

167 1713 170 1721 ·
195 1715 305 1777 nuper
322 1713 359 1757 se
375 1693 419 1757 ad
437 1715 515 1757 eum
533 1693 692 1758 lanistam
713 1693 876 1766 contulit3
904 1693 1031 1778 quique
1054 1704 1131 1758 ante
1156 1694 1249 1756 hanc

109 1809 112 1814 ·
195 1814 349 1878 pugnam
373 1793 436 1857 tiro
453 1803 554 1866 esset,
578 1792 688 1879 [quod
707 1793 847 1880 sciam,]
869 1793 970 1857 facile
987 1792 1099 1877 ipsum
1117 1797 1248 1879 magis-

195 1903 284 1954 trum
301 1893 429 1956 scelere
447 1892 660 1977 audaciaque
678 1893 864 1976 superavit.
914 1912 978 1956 vn.
1005 1909 1032 1955 s.
1056 1891 1149 1956 Nam
1167 1912 1248 1955 cum

196 1989 253 2054 hic
269 1989 354 2054 Sex.
374 1990 523 2055 Roscius
548 2003 638 2056 esset
661 1990 838 2067 Ameriae,
860 1992 906 2055 T.
931 2003 1045 2055 autem
1070 1992 1131 2056 iste
1156 1992 1249 2056 Ros-

196 2089 269 2153 cius
286 2090 443 2163 Romae3
466 2111 544 2153 cum
562 2091 618 2154 hic
635 2091 725 2156 filius
742 2092 907 2156 adsiduus
924 2092 959 2154 in
977 2092 1125 2176 praediis
1142 2102 1245 2167 esset,

197 2209 343 2274 cumque
368 2210 405 2253 se
429 2190 601 2254 voluntate
626 2190 732 2274 patris
757 2191 805 2255 rei
823 2191 983 2255 familiari
1000 2191 1157 2277 vitaeque
1173 2213 1248 2256 rus-

195 2288 283 2359 ticae
308 2288 470 2363 dedisset,
496 2290 558 2354 iste
587 2302 702 2354 autem
731 2291 1057 2378 frequensRomae
1090 2304 1249 2366 esset,-

196 2387 362 2452 occiditur
387 2390 430 2452 ad
457 2389 601 2454 balneas
630 2390 814 2456 Palacinas
843 2391 980 2457 rediens
1005 2412 1025 2455 a
1049 2413 1134 2456 cena
1159 2392 1245 2456 Sex.

196 2486 358 2551 Roscius.
408 2480 519 2572 Spero
538 2510 583 2553 ex
603 2491 669 2554 hoc
692 2490 768 2575 ipso
792 2513 860 2555 non
886 2512 962 2556 esse
986 2492 1183 2566 obscurum,
1202 2491 1248 2557 ad

196 2608 298 2671 quem
324 2587 464 2672 suspitio
485 2589 633 2653 malefici
662 2590 850 2676 pertineat:
875 2612 994 2655 verum
1013 2591 1059 2665 id,
1078 2593 1169 2677 quod
1187 2592 1249 2656 ad-

197 2686 266 2750 huc
285 2697 336 2750 est
355 2686 586 2771 suspitiosum‚
608 2690 673 2753 nisi
694 2690 914 2775 perspicuum
938 2711 992 2754 res
1016 2691 1091 2776 ipsa
1115 2691 1245 2768 fecerit,

197 2786 290 2850 hunc
315 2786 463 2850 adfinem
489 2788 611 2872 culpae
632 2788 833 2876 judicatote.

241 2903 269 2950 9.
294 2885 419 2951 Occiso
454 2886 538 2951 Sex.
573 2888 715 2964 Roscio,
746 2890 877 2975 primus
904 2887 1083 2954 Ameriam
1116 2879 1249 2955 nimtiat

198 2985 340 3050 Mallius
363 2984 510 3050 Glaucia
534 2988 689 3072 quidam,
709 2990 812 3054 homo
836 2990 960 3065 tenuis,
980 2990 1168 3064 libertinus,
1187 2991 1249 3054 cli-

198 3106 259 3149 ens
284 3095 316 3149 et
340 3084 517 3150 familiaris
541 3086 638 3152 istius
662 3089 707 3152 T.
741 3088 862 3165 Rosci,
895 3101 928 3154 et
951 3089 1084 3154 nuntiat
1107 3090 1247 3154 domum

198 3206 267 3249 non
284 3185 356 3259 filii,
376 3185 437 3249 sed
452 3186 497 3249 T.
517 3184 696 3272 Capitonis
713 3188 864 3264 inimici3
890 3200 1016 3254 etcum
1035 3199 1111 3274 post
1127 3189 1248 3254 horam

198 3285 344 3369 primam
373 3285 481 3350 noctis
510 3287 644 3352 occisus
669 3299 770 3364 esset,
799 3290 909 3374 primo
934 3290 1086 3354 diluculo
1109 3289 1248 3353 nuntius

199 3384 255 3448 hic
279 3382 456 3448 Ameriam
480 3387 585 3452 venit.
651 3388 782 3454 Decem
808 3390 900 3455 horis
924 3389 1099 3454 nocturnis
1127 3411 1189 3454 sex
1216 3398 1250 3454 et

198 3482 447 3570 quinquaginta
491 3487 585 3551 milia
622 3509 786 3573 passuum
823 3490 914 3555 cisiis
946 3489 1146 3575 pervolavit,
1180 3510 1248 3554 non

200 3584 301 3648 modo
317 3595 353 3648 ut
369 3597 567 3670 exoptatum
588 3586 727 3652 inimico
751 3589 906 3654 nuntium
932 3589 1062 3675 primus
1086 3588 1246 3663 adferret,

199 3684 259 3748 sed
277 3683 379 3748 etiam
397 3706 553 3750 cruorem
571 3685 700 3752 inimici
717 3709 821 3774 quam
839 3689 1111 3754 recentissimum
1127 3689 1250 3754 telum·

198 3806 264 3870 que
281 3785 385 3870 paulo
402 3798 516 3848 antee
534 3806 675 3870 corpore
693 3799 881 3851 extractum
898 3790 1102 3854 ostenderet.
1291 3854 1295 3859 .

243 3899 286 3945 lo.
311 3884 517 3969 Qadriduo
542 3906 609 3969 quo
634 3886 720 3949 haec
738 3899 834 3970 gesta
852 3897 942 3960 sunt,
962 3909 1017 3952 res
1035 3889 1079 3953 ad
1096 3887 1251 3972 Chryso-

200 4005 330 4070 gonum
347 3984 381 4045 in
399 3994 510 4046 castra
528 3981 570 4045 L.
591 3981 710 4047 Sullae
724 3983 922 4049 Volaterras
941 3987 1102 4050 defertur.
1144 3986 1248 4073 Mag-
