2572 4442
207 275 272 321 100
498 253 713 342 Conspiracy
737 252 785 340 of
803 251 968 319 Catilina.
1081 250 1196 319 [Cfflb
1212 253 1246 308 11·

326 356 501 437 [efficique.

204 456 355 521 urbanas
373 448 514 520 insidias
531 452 647 519 caedis
665 463 766 539 atque
789 450 1028 518 incendiorum
1052 451 1257 552 Q

200 557 250 653 git
259 580 267 618 z
290 554 405 620 omnia
418 554 602 639 superioris
620 554 728 618 noctis
745 553 888 618 consilia
904 552 950 616 ad
966 572 1022 616 me
1039 553 1167 637 perlata
1182 574 1248 619 esse

205 655 373 720 sentiunt:
395 653 541 738 patefeci
558 652 593 717 in
610 665 730 717 senatu
748 654 905 716 hesterno
923 652 1000 716 diez
1024 649 1170 716 Catilina
1184 652 1248 737 ipse

205 753 389 842 pertimuit,
413 751 584 839 profugit:
619 752 662 817 lii¹
677 750 759 837 quid
783 748 1006 836 exspectant?
1053 749 1109 815 Ne
1133 751 1178 814 illi
1200 773 1249 816 ve·

206 857 383 920 hementer
411 862 537 927 errant,
564 851 591 916 si
620 850 715 914 illam
745 871 858 915 meam
886 849 1066 936 pristinam
1090 849 1248 915 lenitatem

206 964 407 1039 perpetuam
432 963 571 1037 sperant
595 949 755 1014 futuram.

251 1073 302 1116 ιν.
330 1049 434 1135 Quod
465 1050 677 1135 exspectavi,
702 1050 776 1138 jam
801 1054 891 1137 'sum'
911 1049 1111 1124 adsecutus,
1139 1057 1248 1114 utros

204 1173 326 1217 omnes
354 1151 479 1215 factam
508 1171 583 1215 esse
612 1160 727 1233 aperte
752 1148 1025 1237 conjurationem
1050 1159 1165 1214 contra
1187 1168 1249 1212 rem

206 1250 380 1338 publicam
396 1249 577 1314 videretis:
603 1249 668 1313 nisi
684 1270 766 1314 vero
783 1249 811 1314 si
835 1249 912 1335 quis
936 1259 990 1313 est
1013 1248 1072 1335 qui
1096 1246 1249 1347 QQ

207 1350 326 1415 similis
347 1326 596 1415 cumCafffina
617 1349 742 1414 sentire
767 1370 836 1413 non
860 1358 968 1444 pute‘t.
1017 1347 1100 1413 Non
1123 1347 1248 1434 estjam

172 1450 334 1515 *lenitati
363 1451 480 1531 locus:
516 1449 731 1514 severitatem
759 1448 917 1533 resipsa
944 1447 1091 1536 flagitat.
1146 1446 1248 1512 Unum

207 1551 309 1615 etiam
327 1571 418 1614 nunc
435 1549 645 1614 concedam:
671 1558 808 1661 Q}
827 1548 1105 1632 proficiscantur3
1125 1572 1166 1615 ne
1176 1543 1248 1631 pati·

209 1663 307 1715 antur
323 1650 492 1715 desiderio
508 1647 759 1743 suj*Catilinam
778 1647 941 1712 miserum
958 1648 1148 1743 tQQ·
1192 1644 1248 1709 De·

209 1751 404 1816 monstrabo
417 1750 499 1814 iter:
516 1748 727 1853 Aurglja‘uia
740 1747 911 1834 profectus
928 1760 1001 1813 est:
1023 1748 1052 1813 si
1068 1746 1249 1812 adcelerare

208 1852 336 1923 volent,
360 1850 404 1915 ad
428 1870 608 1935 vesperam
637 1859 898 1935 consequentur.
947 1862 974 1910 τ.
1000 1847 1033 1913 Ο
1062 1848 1249 1933 fortunatam

208 1971 281 2025 rem
298 1949 485 2051 ppblicam,
499 1949 528 2013 si
544 1949 683 2034 quidem
701 1950 792 2013 hanc
808 1947 975 2014 sentinam
996 1947 1091 2013 urbis
1107 1922 1248 2034 ejeceiiil

209 2049 289 2133 Uno
309 2048 542 2135 (mehercule)
563 2047 711 2113 Catilina
731 2048 911 2123 exhausto,
930 2048 1045 2112 levata
1065 2046 1147 2112 mihi
1162 2056 1194 2110 et
1207 2063 1248 2106 re·

209 2160 323 2214 creata
336 2169 390 2212 res
404 2147 541 2232 publica
555 2147 697 2212 videtur.
741 2146 836 2236 Quid
850 2148 941 2213 enim
956 2170 989 2213 m
1015 2147 1038 2213 li
1053 2160 1110 2213 aut
1126 2141 1248 2237 sceleris

209 2248 294 2335 fingi
311 2258 370 2312 aut
385 2247 526 2334 cogitari
544 2259 653 2331 potest
664 2249 755 2333 quod
773 2271 839 2313 non
854 2249 910 2313 ille
924 2170 1143 2335 chfl‘t?
1173 2241 1249 2326 Qis

208 2360 278 2413 tota
306 2347 404 2412 Italia
431 2347 619 2422 veneficus,
649 2348 724 2433 quis
752 2349 933 2436 gladiator,
960 2351 1038 2438 quis
1067 2351 1163 2423 latre,
1185 2342 1251 2432 quis

209 2446 365 2522 sicarius,
387 2447 462 2534 quis
486 2442 669 2539 parricida,
687 2447 763 2534 quis
784 2460 1065 2516 testamentorum
1082 2449 1249 2536 subjector,

210 2547 285 2635 quis
302 2547 587 2631 circumscriptor,
606 2547 681 2632 quis
699 2567 824 2634 gamem
842 2550 918 2636 quis
936 2573 1057 2637 nepos,
1075 2550 1151 2637 quis
1167 2541 1251 2611 adul·
1284 2570 1285 2621 l

208 2660 272 2723 ter,
303 2667 392 2734 quae
424 2647 546 2711 mulier
576 2646 726 2723 infamis,
756 2649 833 2735 quis
861 2665 1040 2736 corruptor
1064 2643 1249 2740 juventutis,

209 2748 286 2835 quis
299 2759 489 2832 corruptus,
505 2746 581 2833 quis
595 2748 745 2833 perditus
759 2748 903 2815 inveniri
921 2763 1043 2836 potest,
1058 2751 1116 2838 qui
1132 2769 1167 2814 se
1183 2762 1252 2810 cum

210 2847 361 2914 Catilina
376 2870 445 2911 non
463 2847 726 2913 familiarissime
743 2848 870 2915 vixisse
887 2850 1053 2933 lateam?
1081 2869 1169 2937 quae
1185 2862 1253 2909 cae·

211 2950 271 3012 des
289 2969 349 3033 per
365 2948 469 3012 hosce
487 2968 595 3011 annos
612 2947 685 3012 sine
702 2948 760 3014 illo
778 2949 867 3014 facta
884 2948 956 3014 est?
986 2951 1079 3037 quod
1096 2944 1252 3014 nefarium

211 3061 362 3133 stuprum
389 3069 456 3111 non
481 3067 542 3132 per
566 3046 686 3112 illum?
730 3062 757 3109 8.
776 3049 855 3134 Jam
876 3072 956 3115 vero
975 3072 1065 3138 quae
1081 3058 1172 3115 tante
1189 3063 1252 3108 um-

78 3142 92 3185 '=
142 3218 148 3227 .
211 3171 313 3235 quam
331 3148 365 3211 in
379 3148 448 3211 ullo
465 3146 602 3212 homine
615 3147 801 3235 juventutis
815 3149 987 3215 inlecebra
1000 3151 1074 3227 fuit,
1089 3155 1211 3236 quanta
1224 3139 1253 3203 in

155 3252 189 3325 ᾗ
211 3245 291 3311 illo?
316 3247 371 3333 qui
392 3246 477 3311 alios
501 3246 573 3332 ipse
599 3248 737 3313 amabat
759 3249 965 3334 turpissime,
987 3250 1132 3315 aliorum
1155 3235 1252 3309 amori
1274 3292 1277 3297 r

211 3345 475 3433 flagitiosissime
495 3347 684 3412 serviebat:
711 3348 785 3413 aliis
805 3349 950 3414 fructum
975 3350 1165 3421 libidinum,
1186 3337 1253 3406 aliis
1282 3376 1283 3379 =

212 3458 353 3535 mortem
371 3458 549 3530 parentum
568 3469 635 3512 non
654 3448 755 3513 modo
778 3447 1000 3534 impellendo,
1017 3470 1136 3515 verum
1160 3441 1252 3509 etiam
1282 3454 1283 3533 l

212 3545 407 3632 adjuvando
432 3547 669 3641 pollicebatur.
718 3546 823 3613 Nunc
846 3569 928 3614 vero
947 3570 1050 3636 quam
1068 3546 1176 3614 subito
1192 3555 1253 3606 non

212 3647 322 3711 solum
340 3645 498 3723 exturbe,
517 3667 635 3710 verum
652 3645 754 3711 etiam
771 3669 815 3712 ex
833 3647 927 3735 agris
946 3648 1120 3737 ingentem
1144 3654 1253 3708 nume·

211 3767 287 3810 rum
319 3740 528 3857 perditamm
559 3745 736 3810 hominum
768 3747 986 3834 conlegeratl
1048 3749 1161 3814 Nemo
1183 3752 1253 3840 ‚110ss
1281 3810 1282 3833 ξ

212 3845 315 3909 modo
347 3844 581 3940 QQ‚ued
609 3866 652 3909 ne
680 3847 750 3911 ullo
778 3848 916 3934 quidem
944 3848 979 3912 in
1008 3848 1136 3937 angulo
1163 3835 1252 3905 totius
1281 3930 1282 3937 ἵ

213 3938 332 4007 Italiae
356 3962 539 4026 oppressus
564 3963 643 4008 aere
668 3943 779 4011 alieno
804 3945 876 4020 suit,
900 3969 1002 4033 quem
1031 3970 1097 4014 non
1127 3942 1169 4009 ad
1195 3937 1253 4001 h0c

213 4042 411 4108 incredibile
436 4040 574 4106 sceleris
598 4042 718 4109 foedus
743 4044 910 4153 asciperit.
