2722 4438
131 233 197 281 200
484 208 645 299 ‘offanae
668 212 839 300 prato.
1072 211 1184 282 [Mun

130 413 255 482 cussit?
302 412 418 499 Quid!
435 414 463 481 si
480 414 554 500 ipse
570 414 637 481 Cn.
657 414 854 499 Pompeius,
873 416 931 503 qui
944 436 986 480 ea
1001 413 1124 479 virtute
1142 434 1185 479 ac

62 569 64 572 Α
130 518 263 583 sortuna
289 527 340 581 est
364 528 400 580 ut
419 537 459 581 ea
476 516 621 601 potuerit
648 537 784 600 semper
808 537 897 602 quae
922 537 1023 581 nemo
1047 527 1185 602 praeter

129 618 238 692 illum,
252 617 280 682 si
297 617 338 693 is,
351 616 504 704 inquam,
519 616 682 702 potuisset
694 629 752 680 aut
767 616 1001 702 quaestionem
1014 616 1057 681 de
1075 626 1185 680 morte

129 717 171 782 P.
201 716 302 784 Clodi
329 716 417 782 ferre
445 728 503 780 aut
529 715 640 802 ipsum
670 716 713 780 ab
740 716 858 781 inseris
885 717 1048 791 excitare,
1069 725 1185 779 utrum

130 818 254 904 putatis
270 817 381 904 potius
397 816 566 881 facturum
582 814 710 881 fuisse?
754 815 867 880 Etiam
884 816 913 882 si
937 828 1075 902 propter
1098 814 1185 879 ami·

131 918 245 982 citiam
270 918 374 981 vellet
404 917 500 980 illum
533 915 576 980 ab
607 914 724 980 inferis
757 937 914 991 evocare,
941 927 1079 1002 propter
1110 936 1184 979 rem

130 1017 304 1103 publicam
321 1037 389 1080 non
405 1015 552 1115 lecisset.
601 1013 685 1102 Ejus
702 1014 806 1102 igitur
822 1016 937 1081 mortis
954 1015 1078 1081 sedetis
1097 1016 1186 1080 ulto-

131 1138 199 1191 reS,
211 1116 308 1204 cujus
320 1115 424 1180 vitam
441 1115 469 1181 si
485 1114 607 1200 putetis
624 1137 685 1199 per
694 1136 756 1180 vos
772 1115 900 1180 restitui
917 1138 1030 1200 posse,
1048 1115 1184 1189 nolitis;

114 1226 164 1281 'et
180 1216 223 1281 de
239 1215 312 1303 ejus
329 1235 414 1279 nece
430 1215 499 1279 lata
515 1214 668 1301 quaestio
684 1225 746 1290 est,
765 1214 822 1300 qui
846 1215 875 1279 si
892 1216 970 1303 lege
986 1217 1109 1280 eadem
1133 1236 1186 1279 re-

130 1315 297 1380 viviscere
313 1327 440 1400 posset,
458 1316 525 1379 lata
542 1316 599 1379 lex
615 1335 803 1400 numquam
820 1326 921 1381 esset.
971 1315 1084 1404 Hujus
1101 1336 1186 1402 ergo

131 1414 326 1480 interfector
349 1414 377 1480 si
407 1421 509 1487 esset,
545 1414 581 1478 in
613 1414 804 1480 confitendo
837 1415 880 1479 ab
911 1415 1006 1480 eisne
1037 1437 1187 1501 poenam

131 1516 265 1580 timeret
280 1537 366 1601 quos
382 1514 614 1580 liberavisset?
650 1533 697 1578 so.
721 1515 846 1580 Graeci
863 1517 1019 1581 homines
1042 1503 1204 1581 deorum*

133 1617 281 1680 honores
307 1616 459 1679 tribuunt
489 1614 538 1680 eis
569 1615 650 1680 viris
682 1616 739 1702 qui
770 1627 935 1702 tyrannos
962 1628 1185 1681 necaverunt.

135 1714 237 1798 Quae
255 1737 320 1803 ego
332 1715 401 1779 vidi
415 1713 582 1780 Athenis!
602 1737 691 1802 quae
705 1715 780 1780 aliis
793 1715 827 1779 in
841 1704 980 1781 urbibus
994 1715 1165 1781 Graeciae
1179 1715 1187 1780 l

134 1837 220 1901 quas
246 1836 300 1880 res
326 1814 460 1879 divinas
485 1815 608 1880 talibus
627 1815 795 1881 institutas
812 1814 913 1880 viris!
938 1837 1024 1901 quos
1050 1828 1212 1891 cantus,·

134 1936 224 2002 quae
241 1913 415 1979 carmina!
448 1936 554 2000 prope
576 1916 620 1980 ad
643 1916 904 1981 immortalitatis
928 1927 961 1981 et
984 1916 1190 2003 religionem

135 2027 169 2080 et
188 2014 387 2079 memoriam
407 2026 660 2079 consecrantur.
709 2015 782 2081 Vos
806 2015 888 2080 tanti
913 2027 1191 2082 conservatorem

135 2114 266 2200 populi,
279 2115 363 2178 tanti
377 2115 515 2178 sceleris
527 2115 670 2180 ultorem
688 2122 756 2181 non
770 2117 870 2181 modo
884 2115 1068 2183 honoribus
1086 2116 1192 2181 nullis

137 2212 315 2288 adficietis,
348 2213 409 2278 sed
441 2213 542 2277 etiam
576 2216 620 2280 ad
648 2215 853 2301 supplicium
885 2216 959 2301 rapi
991 2215 1194 2301 patiemini?

136 2312 375 2388 Confiteretur‚
395 2314 622 2390 confiteretur,
635 2314 789 2402 inquam,
804 2315 833 2380 si
850 2315 998 2390 fecisset,
1010 2327 1044 2381 et
1060 2336 1194 2403 magno

137 2413 252 2479 animo
277 2423 311 2478 et
333 2413 477 2478 libenter
499 2413 621 2479 secisse
645 2436 682 2480 se
706 2415 868 2480 libertatis
892 2416 1044 2481 omnium
1069 2436 1192 2492 causa,

137 2515 228 2600 quod
256 2524 346 2579 esset
376 2514 407 2579 ei
438 2536 507 2599 non
538 2516 768 2580 confitendum
800 2516 914 2592 modo,
935 2500 1064 2580 ¹verum
1088 2517 1195 2581 etiam

137 2614 418 2699 praedicandum.

183 2734 272 2778 xxx.
297 2731 337 2778 81.
359 2714 494 2779 Etenim
509 2714 536 2780 si
550 2714 584 2780 id
597 2737 666 2780 non
679 2725 784 2802 negat
796 2737 840 2780 ex
852 2736 919 2802 quo
932 2715 1018 2780 nihil
1031 2715 1115 2802 petit
1127 2716 1196 2781 nisi

137 2825 173 2880 ut
201 2814 408 2902 ignoscatur,
425 2814 593 2880 dubitaret
619 2815 654 2879 id
683 2815 779 2879 fateri
807 2836 851 2880 ex
875 2837 942 2901 quo
968 2816 1069 2881 etiam
1092 2837 1197 2902 prae-

138 2916 207 2978 mia
224 2915 336 2980 laudis
352 2926 465 2980 essent
481 2912 651 2999 petenda?
675 2913 740 2978 nisi
753 2935 834 2979 vero
851 2916 981 3000 gratius
997 2926 1093 3001 putat
1116 2938 1198 2982 esse

126 3016 304 3082 'vobis-sui
321 3037 358 3081 se
375 3014 495 3101 capitis
512 3035 616 3099 quam
631 3013 965 3079 vestridefensorem
978 3015 1097 3092 fuisse,
1113 3039 1198 3084 cum

138 3117 338 3202 praesertim
368 3114 438 3202 [in]
460 3135 500 3178 ea
527 3113 753 3189 confessione,
781 3113 808 3178 si
831 3114 919 3201 grati
944 3137 1020 3181 esse
1045 3118 1196 3194 velletis,

140 3218 287 3284 honores
316 3217 559 3303 adsequeretur
578 3214 823 3299 amplissimos.
873 3213 911 3279 Si
940 3216 1068 3282 sactum
1097 3218 1199 3284 vobis

41 3338 46 3347 ’
141 3341 209 3382 non
241 3320 718 3404 probaretur-quamquam
750 3314 809 3400 qui
840 3326 971 3399 poterat
1002 3319 1096 3384 salus
1132 3341 1199 3386 sua

95 3460 98 3464 »
140 3419 301 3505 cuiquam
321 3441 390 3484 non
412 3409 692 3505 probari?-'sed
715 3425 830 3479 tamen
847 3415 875 3480 si
893 3416 1004 3483 minus
1021 3418 1200 3485 fortissimi

140 3518 203 3583 viri
221 3519 325 3584 virtus
343 3520 472 3584 civibus
490 3530 587 3605 grata
612 3514 803 3590 cecidisset,
822 3537 950 3602 magno
975 3519 1090 3585 animo
1114 3543 1201 3585 con-

141 3620 309 3706 stantique
327 3619 462 3684 cederet
478 3640 522 3682 ex
537 3618 672 3705 ingrata
690 3615 834 3680 civitate.
882 3615 976 3681 Nam
1000 3619 1081 3705 quid
1107 3630 1202 3685 esset

140 3720 308 3808 ingratius
325 3739 428 3804 quam
445 3717 563 3782 laetari
581 3728 723 3788 ceteros,
738 3715 857 3801 lugere
870 3736 948 3780 eum
965 3718 1076 3782 solum
1094 3740 1201 3803 prop-

141 3831 192 3884 ter
230 3841 332 3905 quem
372 3817 474 3881 ceteri
513 3814 740 3880 laetarentur?
786 3832 831 3879 82.
868 3815 1091 3904 Quamquam
1131 3819 1201 3884 hoc

143 3918 258 3983 animo
286 3937 421 4001 semper
448 3936 567 3979 omnes
595 3914 721 3979 luimus
749 3914 784 3979 in
813 3916 942 4001 patriae
968 3916 1200 4001 proditoribus
