2760 4448
126 298 193 338 rxn.
211 283 263 354 aa]
370 283 441 350 Tae
469 285 581 351 Claz'm
606 283 654 374 os
672 284 897 373 Citz'zenship.
1112 297 1154 371 55

119 486 258 554 homines
286 485 323 551 in
351 487 512 553 extremis
541 498 641 573 atque
670 486 797 552 ultimis
826 472 986 574 'gentibus
1013 485 1154 572 positos,

117 588 216 654 nobile
231 596 266 651 et
281 587 423 651 inlustre
441 587 533 670 apud
549 587 661 651 omnis
678 607 803 650 nomen
821 586 966 650 civitatis
982 598 1061 650 tuae
1078 607 1155 670 pro·

116 687 230 761 luisset,
241 723 288 734 -
299 686 370 761 ille,
388 685 541 772 quisquis
558 696 642 761 erat,
661 707 763 771 quem
780 696 816 749 tu
834 685 867 747 in
885 705 1022 749 crucem
1044 683 1156 769 rapie-

114 793 177 861 bas,
195 784 253 870 qui
279 785 339 849 tibi
364 797 455 849 esset
477 787 628 872 ignotus,
651 805 728 849 cum
754 784 864 848 civem
890 804 927 848 se
955 783 1154 848 Romanum

114 906 177 948 esse
199 885 342 959 diceret,
364 885 456 970 apud
479 896 513 949 te
536 896 743 970 praetorem,
765 883 794 949 si
818 905 887 948 non
911 882 1092 970 effugium,
1111 904 1156 946 ne

112 1004 229 1048 moram
261 984 404 1070 quidem
437 984 567 1058 mortis,
598 984 771 1048 mentione
803 993 905 1070 atque
933 981 1155 1067 usurpatione

112 1083 255 1157 civitatis,
282 1082 429 1169 adsequi
452 1081 583 1169 potuit?

147 1202 229 1247 axv.
255 1199 294 1245 11.
322 1182 491 1248 Homines
514 1194 647 1260 tenues,
673 1184 821 1249 obscuro
847 1182 924 1248 loco
951 1182 1034 1258 nati,
1060 1179 1156 1246 navi·

58 1270 60 1275 ¹
110 1294 201 1368 gant3
235 1283 369 1347 adeunt
393 1282 437 1348 ad
461 1304 503 1347 ea
525 1283 601 1348 loca
623 1304 713 1370 quae
733 1304 922 1370 numquam
941 1294 1043 1346 antea
1060 1280 1156 1347 vide·

110 1393 195 1457 runt;
225 1382 287 1447 ubi
318 1403 430 1469 neque
458 1382 528 1448 noti
556 1403 632 1448 esse
661 1383 711 1448 eis
738 1404 808 1469 quo
838 1392 1018 1458 venerunt,
1043 1401 1155 1468 neque

109 1502 233 1567 semper
250 1504 333 1547 cum
351 1482 585 1569 cognitoribus
607 1504 683 1548 esse
707 1492 861 1568 possunt.
911 1481 990 1547 Hac
1013 1502 1083 1546 una
1105 1491 1156 1545 ta·

109 1602 176 1644 men
191 1582 324 1647 fiducia
341 1580 498 1657 civitatis,
514 1603 582 1647 non
601 1584 702 1648 modo
720 1584 811 1667 apud
828 1592 960 1647 nostros
977 1580 1157 1668 magistra·

108 1692 163 1757 tus,
176 1682 233 1766 qui
252 1692 288 1746 et
307 1682 426 1767 legum
442 1692 474 1745 et
486 1682 747 1747 existimationis
761 1682 914 1767 periculo
928 1681 1155 1756 continentur,

108 1802 207 1867 neque
225 1783 323 1867 apud
340 1780 425 1845 civis
448 1782 558 1846 solum
584 1780 776 1856 Romanos,
795 1781 853 1867 qui
878 1791 912 1845 et
934 1777 1100 1845 sermonis
1124 1788 1158 1844 et

112 1880 187 1964 juris
211 1893 245 1946 et
270 1882 459 1945 multarum
483 1902 598 1946 rerum
619 1881 780 1946 societate
793 1879 902 1968 juncti
920 1890 1012 1954 sunt,
1029 1878 1101 1945 sore
1118 1900 1156 1944 se

108 1990 184 2045 tutos
201 1981 433 2054 arbitrantur3
458 1981 533 2056 sed,
552 2001 770 2067 quocumque
789 1980 958 2055 venerint,
978 1981 1068 2044 hanc
1091 1979 1156 2046 sibi

108 2100 169 2143 rem
185 2080 363 2166 praesidio
380 2092 519 2164 sperant
536 2081 698 2144 suturam.
745 2097 788 2144 aa.
811 2080 913 2147 Tolle
933 2081 1024 2145 hanc
1043 2101 1154 2167 spem,

108 2180 176 2244 tolle
192 2182 260 2246 hoc
277 2179 490 2266 praesidium
508 2179 640 2245 civibus
660 2180 851 2254 Romanis;
884 2179 1048 2246 constitue
1070 2179 1156 2244 nihil

108 2300 172 2345 esse
187 2281 264 2367 opis
283 2281 320 2344 in
338 2268 404 2344 hac
420 2302 518 2356 voce,
543 2279 638 2346 Czbis
654 2280 836 2345 Romanus
851 2302 925 2345 sum
934 2301 947 2359 ‚·
980 2300 1081 2365 posse
1093 2279 1158 2343 im·

109 2400 188 2463 pune
204 2391 415 2467 praetorem,
431 2391 489 2444 aut
505 2380 610 2445 alium
627 2382 826 2467 quemlibet,
840 2379 1048 2466 supplicium
1064 2379 1156 2467 quod

108 2480 178 2544 velit
195 2480 231 2545 in
251 2479 336 2546 eum
356 2480 560 2544 constituere
581 2480 638 2566 qui
659 2503 696 2545 se
721 2480 831 2545 civem
857 2480 1056 2545 Romanum
1080 2500 1156 2544 esse

109 2578 199 2656 dicat,
217 2580 315 2667 quod
332 2600 410 2643 eum
431 2579 507 2665 quis
530 2579 685 2667 ignoret3
714 2579 787 2668 jam
811 2579 924 2645 omnis
947 2578 1154 2664 provincias

112 2676 175 2763 jam
202 2680 324 2746 omnia
352 2700 474 2766 regna,
499 2680 573 2767 jam
601 2680 712 2744 omnis
741 2681 867 2744 liberas
895 2679 1060 2754 civitates,
1082 2679 1156 2767 jam

108 2797 235 2843 omnem
253 2780 375 2843 orbem
392 2789 573 2853 terrarum,
592 2779 649 2864 qui
667 2800 804 2863 semper
819 2780 942 2844 nostris
962 2779 1157 2845 hominibus

109 2879 251 2944 maxime
278 2877 398 2962 patuit,
416 2878 548 2942 civibus
573 2877 743 2943 Romanis
761 2879 824 2942 ista
841 2878 1040 2943 defensione
1058 2899 1157 2964 prae·
1204 2912 1207 2916 Δ

110 2976 256 3044 cluseris.
309 2976 403 3060 Qid
431 2978 460 3043 si
484 2977 528 3042 L.
557 2977 742 3053 Raecium,
769 2978 917 3065 equitem
942 2978 1156 3067 Romanum,

109 3077 248 3160 quitum
271 3077 307 3141 in
328 3076 447 3142 Sicilia
472 3088 556 3153 erat,
576 3077 797 3143 nominabat?
828 3077 976 3143 etiamne
1000 3077 1034 3143 id
1060 3097 1157 3165 mag·

110 3195 181 3241 num
210 3179 288 3254 fuit,
312 3177 547 3242 Panhormum
571 3178 700 3244 litteras
725 3177 878 3244 mittere?
923 3174 1156 3246 Adservasses

110 3272 299 3352 hominem3
332 3278 493 3343 custodiis
519 3277 806 3344 Mamertinorum
830 3290 966 3344 tuorum
989 3279 1154 3356 vinctum,

112 3374 259 3441 clausum
281 3377 473 3453 habuisses,
496 3379 578 3443 dum
602 3377 800 3444 Panhormo
828 3378 981 3444 Raecius
1004 3378 1155 3455 veniret3

112 3487 328 3561 cognosceret
344 3478 532 3553 hominem,
552 3477 682 3564 aliquid
698 3478 741 3542 de
758 3500 893 3542 summo
912 3478 1081 3564 supplicio
1104 3500 1157 3544 re·

114 3573 265 3641 mitteres.
314 3575 352 3642 Si
371 3576 558 3664 ignoraret,
575 3588 661 3653 tum,
680 3578 708 3642 si
732 3577 779 3641 ita
802 3577 861 3642 tibi
885 3578 1069 3653 videretur,
1091 3578 1157 3643 hoc

118 3669 194 3755 juris
217 3676 253 3739 in
277 3676 389 3741 omnis
414 3677 650 3752 constitueres,
673 3688 722 3751 ut,
745 3677 803 3764 qui
832 3699 943 3763 neque
970 3677 1030 3742 tibi
1057 3688 1157 3742 notus

116 3786 205 3850 esset,
234 3796 347 3862 neque
379 3776 591 3863 cognitorem
623 3776 829 3862 locupletem
862 3779 971 3853 daret,
999 3776 1157 3863 quamvis

116 3868 188 3938 civis
211 3875 393 3941 Romanus
417 3887 518 3949 esset,
544 3875 580 3938 in
604 3896 741 3940 crucem
765 3878 950 3941 tolleretur.

154 3990 248 4040 LXVI.
274 3990 316 4039 13.
341 3973 412 4041 Sed
435 3974 518 4062 quid
542 3996 609 4063 ego
633 3975 733 4061 plura
757 3976 800 4042 de
825 3973 958 4041 Gavio?
999 3971 1096 4059 quasi
1120 3982 1157 4037 tu
