2722 4438
220 302 284 377 Ῑ72
578 287 735 374 Defence
758 287 806 374 qs
823 285 927 353 Milo.
1150 285 1253 355 [Mrem
1296 296 1311 335 r.

218 611 280 655 vos
314 609 356 654 ac
389 608 451 673 per
475 598 624 651 vestram
658 587 775 662 fidem,
801 586 973 662 virtutem,
999 587 1255 673 sapientiamque
1320 620 1322 654 ι

219 708 425 754 recreemur.
481 699 508 746 tt.
545 683 641 770 Quid
677 685 769 749 enim
806 686 904 750 nobis
940 686 1087 760 duobuS,
1120 685 1253 773 judices,
1305 717 1321 761 ·,

220 1408 355 1473 semper
378 1408 439 1472 pro
454 1386 553 1452 bonis
570 1396 687 1451 contra
703 1383 877 1469 improbos
894 1394 1067 1457 senseram
1092 1382 1128 1446 in
1141 1382 1255 1469 judicio
1307 1420 1310 1459 ς

218 1506 314 1561 vero,
341 1498 374 1552 et
396 1487 431 1551 in
455 1506 496 1551 eo
524 1486 666 1551 consilio
696 1485 732 1549 in
763 1505 831 1570 quo
859 1503 906 1547 ex
936 1482 1067 1547 cunctis
1093 1483 1255 1548 ordinibus
1308 1546 1311 1559 ,

220 1587 421 1672 amplissimi
445 1585 507 1650 viri
527 1585 732 1673 judicarent,
751 1604 939 1669 numquam
964 1581 1158 1647 existimavi
1173 1602 1252 1669 spem
1309 1620 1316 1659 ι

219 1688 325 1751 ullam
350 1707 425 1751 esse
457 1686 631 1751 habituros
659 1684 801 1749 Milonis
832 1683 1004 1758 inimicos,
1028 1683 1072 1747 ad
1100 1682 1174 1771 ejus
1201 1702 1254 1747 nou

220 1788 321 1853 modo
340 1788 485 1852 salutem
506 1785 807 1872 exstinguendam,
825 1785 887 1849 sed
912 1783 1014 1849 etiam
1039 1783 1184 1871 gloriam
1208 1803 1255 1868 pet
1311 1802 1322 1865 ¹2:

218 1887 295 1951 talis
312 1887 402 1951 viros
418 1885 685 1972 infringendam.
721 1898 750 1945 6·
775 1882 998 1972 Quamquam
1014 1883 1050 1949 in
1067 1885 1135 1949 hac
1151 1903 1254 1958 causa,
1311 1904 1322 1966 q

224 1986 371 2074 judices,
385 1986 430 2048 T.
449 1983 542 2049 Anni
563 1984 746 2059 tribunatu,
765 1986 935 2071 rebusque
955 1984 1114 2050 omnibus
1136 2005 1195 2070 pro
1213 2003 1255 2049 sa·
1313 2027 1318 2035 «ι

219 2085 288 2149 lute
304 2085 353 2148 rei
376 2085 532 2168 publicae
556 2084 661 2170 gestis
679 2084 721 2148 ad
748 2084 850 2172 hujus
866 2083 1018 2150 criminis
1035 2084 1255 2151 defensionem
1316 2127 1320 2166 3

219 2206 288 2248 non
310 2185 498 2248 abutemur.
545 2182 622 2247 Nisi
646 2182 754 2248 oculis
773 2184 1086 2250 videritisinsidias
1106 2184 1255 2251 Milonis
1317 2208 1321 2268 ,g

220 2284 342 2349 Clodio
366 2282 486 2358 factas,
515 2303 580 2347 nec
601 2282 816 2367 deprecaturi
844 2305 963 2350 sumus
986 2295 1023 2350 ut
1050 2284 1179 2351 crimen
1202 2286 1256 2349 hoc

219 2384 316 2449 nobis
334 2394 470 2469 propter
485 2384 590 2446 multa
608 2384 788 2467 praeclara
804 2383 840 2448 in
856 2405 929 2450 rem
951 2385 1128 2471 publicam
1151 2384 1255 2450 merita
1320 2432 1321 2437 η

219 2482 431 2557 condonetis,
449 2503 514 2546 nec
538 2483 751 2568 postulaturi,
769 2495 807 2548 ut
827 2483 855 2549 si
879 2506 970 2550 mors
991 2485 1032 2550 P.
1051 2485 1152 2551 Clodi
1176 2485 1256 2550 salus

218 2592 330 2647 vestra
356 2581 467 2658 fuerit,
486 2582 614 2646 idcirco
638 2603 715 2647 eam
739 2582 852 2648 virtuti
875 2584 1019 2651 Milonis
1038 2585 1256 2672 potiusquam

206 2680 335 2768 'populi
352 2681 503 2747 Romani
528 2681 679 2748 felicitati
704 2683 906 2771 adsignatis.
956 2683 1028 2750 Sed
1052 2685 1081 2751 si
1105 2685 1195 2750 illius
1215 2683 1256 2747 in·

219 2784 325 2848 sidiae
350 2782 512 2847 clariores
535 2783 602 2846 hac
626 2784 703 2848 luce
729 2783 867 2861 fuerint,
897 2795 968 2849 tum
998 2784 1147 2872 denique
1171 2785 1256 2850 obse·

219 2885 321 2948 crabo
344 2883 604 2968 obtestaborque
620 2904 695 2958 vos,
720 2883 869 2972 judices,
894 2884 922 2950 si
939 2895 1054 2950 cetera
1078 2886 1255 2958 amisimus,

219 2985 284 3048 hoc
298 2984 418 3048 saltem
436 2982 533 3047 nobis
547 2993 583 3046 ut
596 2983 818 3069 relinquatur,
831 2985 874 3051 ab
890 2984 1106 3052 inimicorum
1124 2984 1257 3052 audacia

217 3085 360 3170 telisque
377 3080 482 3145 vitam
505 3090 542 3145 ut
558 3080 699 3166 impune
716 3083 818 3149 liceat
833 3084 1031 3151 defendere.

262 3203 314 3247 111.
340 3197 367 3244 r.
391 3180 462 3247 Sed
479 3192 557 3245 ante
574 3202 677 3268 quam
695 3184 833 3248 adeam
854 3182 1043 3249 orationem
1061 3186 1162 3252 venio
1180 3202 1258 3273 quae
1319 3248 1320 3261 ,

217 3293 268 3346 est
291 3281 428 3367 propria
451 3292 585 3347 vestrae
617 3282 842 3368 quaestionis,
864 3283 1021 3349 videntur
1044 3305 1086 3348 ea
1119 3307 1193 3351 esse
1213 3303 1259 3347 re·

217 3381 370 3456 futanda,
396 3400 485 3467 quae
509 3393 542 3446 et
565 3382 600 3446 in
625 3393 746 3447 senatu
771 3383 814 3447 ab
840 3382 988 3448 inimicis
1016 3404 1120 3470 saepe
1141 3386 1258 3474 jactata

217 3490 307 3554 sunt,
325 3479 409 3545 etin
434 3480 591 3547 contione
616 3482 660 3548 ab
682 3482 861 3567 improbis,
879 3494 912 3547 et
928 3484 1031 3568 paulo
1051 3496 1130 3549 ante
1152 3485 1195 3548 ab
1210 3501 1257 3545 ac·

217 3579 442 3655 cusatoribus,
464 3592 500 3646 ut
527 3582 620 3647 omni
649 3603 763 3647 errore
791 3583 937 3657 sublato,
955 3603 1025 3647 rem
1053 3584 1155 3668 plane
1179 3598 1258 3668 quae

215 3679 331 3744 veniat
356 3679 392 3743 in
420 3679 588 3769 judicium
617 3681 733 3746 videre
765 3681 915 3766 possitis.
974 3681 1117 3768 Negant
1146 3674 1257 3745 intueri

216 3780 328 3845 lucem
352 3786 427 3846 ess'e
447 3781 499 3845 fas
519 3781 550 3845 ei
567 3781 625 3866 qui
643 3801 662 3844 a
680 3802 717 3845 se
734 3780 908 3844 hominem
924 3780 1075 3845 occisum
1093 3802 1169 3844 esse
1185 3779 1259 3842 fate·

217 3893 304 3944 atur.
357 3881 397 3943 In
425 3899 495 3966 qua
521 3879 661 3942 taudem
688 3880 774 3943 urbe
801 3880 868 3944 hoc
893 3878 1049 3944 homines
1080 3872 1257 3944 stultissimi

217 3976 420 4063 disputant?
455 3996 579 4061 nempe
606 3976 642 4040 in
670 3997 712 4041 ea
739 3999 828 4064 quae
855 3978 1003 4063 primum
1029 3978 1196 4065 judicium
1219 3974 1259 4040 de
