2760 4448
137 236 182 306 34
418 215 678 305 Impeachment
701 216 749 304 os
775 213 913 282 Verres.
999 246 1001 250 ·
1040 211 1151 282 [Vena.
1170 212 1193 265 Ι.

182 440 220 485 x.
247 434 294 483 aa.
319 416 414 503 Qud
439 428 502 492 est,
519 438 662 503 quaeso,
681 416 836 491 Metelle,
851 414 1020 504 judicium
1042 434 1195 480 corrum-

138 542 233 606 pere,
249 520 277 584 si
296 518 362 582 hoc
379 539 447 581 non
465 515 537 582 est?
561 517 667 593 testis,
683 517 884 602 praesertim
902 514 1091 602 [Siculos]‚
1105 516 1194 580 timi·

137 622 199 686 dos
221 620 377 685 homines
395 629 428 682 et
445 617 612 691 adflictos,
631 639 700 682 non
722 617 834 681 solum
859 614 1058 681 auctoritate
1084 617 1195 679 deter-

137 742 225 794 rere,
244 720 305 784 sed
328 719 429 783 etiarn
454 716 626 781 consulari
649 728 753 791 metu,
772 728 805 781 et
828 717 973 780 duorum
998 728 1194 798 praetorum

137 819 324 905 potestate?
374 818 470 905 Quid
487 817 619 881 faceres
635 838 696 901 pro
713 816 894 881 innocente
912 816 1050 880 homine
1068 828 1100 880 et
1116 838 1195 901 pro·

137 921 279 1006 pinqu0‚
307 941 387 984 cum
418 930 555 1003 propter
587 917 761 981 hominem
792 916 1059 1001 perditissimum
1092 930 1195 1004 atque

140 1020 388 1086 alienissimum
410 1020 453 1084 de
477 1017 589 1083 officio
612 1038 653 1082 ac
677 1017 843 1105 dignitate
867 1018 1019 1093 decedis,
1044 1029 1078 1083 et
1100 1039 1195 1085 com-

139 1119 254 1195 mittis,
282 1130 329 1194 ut,
357 1120 449 1205 quod
481 1119 538 1185 ille
572 1118 713 1194 dictitat,
745 1118 862 1194 alicui,
891 1118 949 1205 qui
980 1129 1013 1183 te
1043 1119 1192 1207 ignoret,

137 1240 258 1285 verum
287 1241 362 1284 esse
390 1218 567 1284 videatur?
625 1235 673 1283 aa.
696 1218 789 1284 Nam
818 1220 885 1285 hoc
908 1219 1053 1285 Verrem
1078 1220 1193 1285 dicere

139 1318 288 1393 aiebant,
313 1331 345 1384 te
370 1341 440 1385 non
463 1319 547 1395 sat0,
568 1330 604 1385 ut
628 1331 759 1387 ceteros
778 1341 823 1386 ex
838 1332 953 1386 vestra
970 1320 1112 1397 familia,
1130 1322 1193 1387 sed

139 1441 243 1505 opera
266 1441 329 1484 sua
354 1420 531 1487 consulem
555 1420 697 1486 factum.
745 1419 825 1487 Duo
849 1406 954 1509 igitur
977 1422 1136 1487 consules
1161 1432 1194 1486 et

137 1520 310 1607 quaesitor
328 1531 427 1584 erunt
443 1541 487 1584 ex
504 1519 596 1586 illius
613 1521 798 1586 voluntate.
849 1521 952 1587 ‘Non
973 1523 1084 1587 solum
1107 1521 1194 1585 effu-

137 1620 291 1708 giemus’
313 1619 421 1706 inquit
445 1620 642 1685 ‘hominem
668 1620 703 1685 in
727 1621 924 1709 quaerendo
948 1621 1091 1686 nimium
1116 1621 1193 1686 dili-

137 1733 290 1808 gentem,
314 1720 458 1783 nimium
483 1721 688 1787 servientem
713 1721 829 1806 populi
854 1720 1107 1796 existimationi,
1127 1720 1192 1787 Μ’.

137 1820 383 1885 Glabrionem:
420 1820 562 1886 accedet
589 1821 691 1885 etiam
720 1822 821 1887 nobis
846 1821 944 1886 illud.
998 1820 1114 1906 Judex
1141 1831 1194 1886 est

137 1920 191 1984 M.
223 1918 429 1994 Caesonius,
461 1922 608 2007 conlega
637 1921 741 1985 nostri
770 1920 990 1995 accusatoris,
1021 1921 1124 1985 homo
1154 1920 1192 1983 in

136 2013 239 2085 rebus
258 2019 456 2107 judicandis
478 2030 649 2104 spectatus
673 2031 707 2085 et
730 2021 902 2108 cognitus,
924 2042 1027 2106 quem
1051 2020 1194 2087 minime

137 2120 301 2205 expediat
332 2140 408 2184 esse
439 2120 474 2183 in
506 2140 548 2184 eo
579 2120 723 2185 consilio
754 2121 847 2206 quod
879 2141 1043 2186 oonemur
1075 2120 1194 2206 aliqua

136 2220 268 2284 ratione
292 2240 532 2303 corrumpere:
561 2230 741 2304 propterea
764 2220 856 2305 quod
876 2220 948 2308 jam
974 2231 1087 2294 antea,
1112 2240 1191 2284 cum

142 2320 250 2409 judex
280 2319 314 2383 in
339 2318 492 2404 Juniano
519 2318 662 2384 consilio
690 2319 821 2394 suisset,
847 2319 1080 2405 turpissimum
1105 2319 1193 2385 illud

137 2419 270 2484 facinus
289 2441 357 2483 non
375 2419 487 2483 solum
504 2421 654 2505 graviter
669 2419 756 2492 tulit,
775 2420 837 2484 sed
856 2419 958 2483 etiarn
978 2419 1013 2483 in
1039 2419 1190 2484 medium

135 2520 285 2606 protulit.
326 2518 431 2583 Hunc
444 2519 598 2606 judicem
614 2540 659 2583 ex
675 2518 758 2582 Kal.
773 2518 947 2604 Januariis
964 2541 1032 2585 non
1049 2519 1193 2587 habebi·

136 2642 224 2685 mus.
265 2635 326 2685 uu
348 2617 402 2702 Q
423 2618 609 2693 Manlium,
636 2630 669 2683 et
693 2616 746 2701 Q.
766 2617 1003 2694 Cornificium,
1027 2620 1113 2683 duos
1137 2639 1194 2684 se-

134 2719 331 2785 verissimos
365 2731 467 2805 atque
499 2717 738 2804 integerrimos
766 2718 912 2806 judices,
941 2719 1033 2804 quod
1063 2719 1193 2785 tribuni

135 2821 245 2906 plebis
270 2832 343 2884 tum
367 2829 478 2893 erunt,
496 2818 631 2905 judices
656 2840 725 2884 non
750 2819 964 2885 habebimus.
1013 2818 1054 2882 P.
1074 2817 1195 2903 Sulpi-

135 2923 221 2996 ciuS,
236 2921 346 3009 judex
365 2919 468 2984 tristis
485 2929 518 2982 et
534 2917 680 3005 integer,
700 2919 935 3005 magistratum
951 2918 1044 2983 ineat
1059 2929 1191 3002 oportet

114 3091 117 3094 ,
135 3020 248 3086 Nonis
263 3019 529 3085 Decembribus.
572 3017 626 3080 Μ.
646 3017 865 3102 Crepereius,
884 3040 928 3082 ex
945 3019 1113 3083 acerrima
1129 3019 1189 3083 illa

135 3120 283 3206 equestri
304 3119 435 3184 familia
460 3128 492 3183 et
516 3116 720 3203 disciplina3
752 3116 797 3181 L.
823 3117 966 3183 Cassius
990 3140 1034 3183 ex
1058 3118 1190 3183 familia

136 3241 215 3284 cum
240 3220 284 3284 ad
309 3230 440 3284 ceteras
465 3239 519 3282 res
541 3228 612 3281 tum
634 3217 678 3283 ad
699 3217 925 3306 judicandum
949 3218 1188 3292 severissima3

19 3314 48 3333 ”
136 3318 202 3384 Cn.
221 3317 443 3393 Tremellius,
462 3318 566 3384 homo
589 3339 724 3382 summa
747 3318 915 3405 religione
939 3330 972 3383 et
995 3318 1187 3406 diligentia,

135 3430 256 3483 -tres
274 3419 322 3493 hi,
338 3418 495 3484 homines
508 3430 653 3493 veteres,
668 3418 794 3484 tribuni
808 3418 971 3485 militares
984 3431 1061 3485 sunt
1074 3420 1191 3506 desig-

134 3518 225 3583 nati:
246 3540 291 3583 ex
303 3518 387 3582 Kal.
403 3518 578 3604 Januariis
596 3540 663 3584 non
676 3519 891 3607 judicabunt.
933 3518 1189 3585 Subsortiemur

135 3619 237 3683 etiam
253 3619 289 3684 in
303 3617 355 3711 Μ.
372 3617 504 3683 Metelli
521 3619 649 3694 locum,
664 3619 825 3706 quoniam
843 3618 872 3683 is
890 3619 969 3683 huic
985 3619 1049 3704 ipsi
1066 3640 1191 3705 quaes·

134 3718 216 3783 tioni
231 3718 452 3804 praefuturus
469 3730 532 3783 est.
581 3718 631 3782 Ita
649 3721 837 3784 secundum
858 3719 1038 3785 Kalendas
1057 3719 1189 3805 Janua-

135 3819 216 3895 rias‚
248 3830 288 3884 et·
311 3829 468 3904 praetore
501 3829 534 3882 et
564 3839 671 3903 prope
703 3830 771 3885 toto
799 3818 941 3885 consilio
965 3830 1186 3907 commutem,

135 3940 283 4008 magnas
324 3917 532 3982 accusatoris
574 3917 698 3995 minas,
737 3940 969 4007 magnamque
1010 3931 1188 4006 exspecta·
