2722 4438
40 240 47 249 ’
106 288 169 329 xxv.
182 274 240 345 68.]
256 275 410 364 Pompey
428 276 491 342 hos
513 279 662 366 nothing
678 289 712 345 to
723 281 817 367 seor
827 283 934 385 from
953 281 1057 346 Μῑῖο.
1087 298 1149 372 195

105 497 175 542 esse
191 477 330 542 diceret.
380 477 535 543 Nudavit
556 501 593 544 se
618 479 652 544 in
676 480 889 547 sanctissimo
909 485 1050 568 templo,
1068 507 1152 571 quo-

104 577 192 640 niam
208 577 276 641 vita
292 577 369 643 talis
385 589 418 642 et
435 579 518 643 civis
535 592 567 644 et
582 580 645 644 viri
662 581 764 645 fidem
782 603 850 646 non
875 583 1033 660 faciebat,
1052 597 1088 649 ut
1112 606 1151 650 eo

103 689 231 742 tacente
248 699 302 742 res
319 678 394 763 ipsa
411 679 617 764 loqueretur.

144 797 232 841 xxv.
259 795 304 842 67.
329 777 456 842 Omnia
480 778 567 843 falsa
588 792 687 866 atque
703 781 865 847 insidiose
883 784 962 848 ficta
979 795 1153 871 comperta

102 890 188 943 sunt.
237 877 327 945 Cum
344 890 473 954 tamen,
492 877 519 942 si
537 881 696 944 metuitur
719 881 821 945 etiam
846 905 937 948 nunc
962 883 1061 960 Milo,
1083 906 1153 950 non

106 978 177 1066 jam
203 978 270 1043 hoc
298 978 506 1044 Clodianum
532 979 662 1043 crimen
687 981 860 1057 timemus,
884 985 944 1048 sed
970 996 1058 1060 tuaS,
1082 984 1150 1050 Cn.

100 1078 341 1163 Pompei—te
373 1077 464 1142 enim
487 1078 566 1167 ‚jam
599 1082 749 1165 appello,
779 1094 812 1147 et
843 1104 884 1147 ea
914 1105 999 1149 voce
1030 1095 1069 1149 ut
1098 1105 1154 1149 me

100 1180 264 1244 exaudire
288 1179 551 1265 possis—tuas,
569 1184 658 1256 tuas,
678 1181 831 1266 inquam,
849 1183 1053 1267 suspitiones
1077 1206 1154 1268 per·

100 1279 349 1345 horrescimust
378 1279 407 1345 si
430 1278 598 1344 Milonem
624 1280 723 1346 times
736 1304 744 1355 3
772 1282 799 1346 si
824 1284 916 1347 hunc
940 1283 982 1348 de
1006 1295 1063 1348 tua
1085 1283 1154 1348 vita

99 1377 229 1443 nefarie
254 1390 312 1444 aut
335 1400 428 1443 nunc
452 1381 604 1467 cogitare
629 1392 687 1446 aut
710 1382 863 1446 molitum
889 1381 1072 1468 aliquando
1092 1384 1154 1448 ali-

99 1479 182 1564 quid
199 1490 318 1564 putas3
348 1479 376 1545 si
395 1479 515 1544 Italiae
541 1481 685 1545 dilectus
705 1480 759 1567 (ut
783 1494 851 1545 non
875 1482 959 1545 nulli
984 1482 1154 1568 conquisi-

99 1590 189 1643 tores
220 1579 267 1643 tui
300 1579 530 1665 dictitarunt),
564 1579 592 1644 si
627 1581 715 1645 haec
747 1601 856 1655 arma,
884 1581 911 1646 si
938 1580 1155 1666 Capitolinae
1254 1625 1259 1632 -

100 1681 269 1753 cohortes,
298 1680 326 1743 si
350 1679 531 1756 excubiae,
558 1681 586 1744 si
610 1679 762 1767 vigiliae,
793 1681 821 1745 si
845 1680 970 1745 dilecta
993 1680 1155 1769 juventus

97 1800 189 1865 quae
208 1790 303 1843 tuum
324 1800 449 1864 corpus
470 1781 678 1865 domumque
701 1779 846 1844 custodit
871 1792 987 1845 contra
1012 1780 1155 1846 Milonis

98 1879 266 1964 impetum
289 1892 419 1943 armata
444 1890 506 1954 est,
527 1891 627 1966 atque
652 1880 709 1943 illa
733 1880 849 1943 omnia
872 1880 907 1943 in
932 1882 1024 1945 hunc
1047 1903 1155 1946 unum

98 1979 263 2054 instituta,
290 1991 422 2064 parata,
448 1980 577 2044 intenta
602 1989 889 2066 sunt,—magna
913 1979 949 2043 in
974 1981 1039 2045 hoc
1063 1991 1154 2046 certe

98 2078 151 2143 vis
169 2090 202 2142 et
217 2079 426 2144 incredibilis
444 2080 591 2155 animus,
610 2090 643 2143 et
660 2101 727 2143 non
744 2078 846 2143 unius
862 2078 925 2143 viri
942 2079 1031 2144 vires
1053 2091 1153 2166 atque

98 2199 184 2262 opes
197 2178 406 2266 judicantur,
425 2179 453 2244 si
470 2179 608 2265 quidem
626 2179 659 2241 in
678 2180 770 2243 hunc
793 2200 900 2242 unum
924 2189 957 2243 et
979 2190 1154 2264 praestan-

97 2278 250 2344 tissimus
278 2281 349 2345 dux
378 2280 506 2344 electus
535 2289 567 2343 et
593 2289 661 2342 tota
689 2299 744 2342 res
772 2279 910 2363 publica
934 2290 1065 2344 armata
1089 2290 1151 2345 est.

97 2395 145 2443 as.
170 2378 243 2444 Sed
273 2380 350 2466 quis
381 2401 449 2444 non
481 2378 647 2465 intellegit
678 2377 788 2442 omnis
820 2377 879 2442 tibi
910 2377 959 2442 rei
995 2379 1153 2464 publicae

96 2480 204 2567 partis
231 2501 355 2568 aegras
377 2490 410 2544 et
430 2479 589 2553 labantis,
613 2489 650 2541 ut
674 2498 734 2555 eas
757 2476 810 2541 his
832 2477 936 2542 armis
958 2498 1099 2543 sanares
1122 2489 1154 2544 et

97 2581 335 2657 confirmares
357 2601 433 2645 esse
457 2575 681 2643 commissas?
729 2576 834 2661 Quod
859 2576 885 2641 si
910 2577 1005 2641 locus
1029 2577 1154 2642 Miloni

85 2664 198 2748 'datus
224 2692 325 2757 esset,
347 2681 523 2767 probasset
547 2677 697 2762 profecto
721 2677 779 2741 tibi
803 2676 870 2760 ipsi
891 2676 1063 2741 neminem
1079 2700 1154 2741 um-

97 2805 202 2871 quam
221 2782 395 2847 hominem
412 2780 540 2846 homini
567 2778 732 2843 cariorem
756 2776 860 2842 fuisse
883 2799 987 2863 quam
1010 2789 1043 2842 te
1067 2778 1152 2853 sibi;

97 2885 231 2948 nullum
249 2904 286 2947 se
300 2904 462 2968 umquam
479 2879 669 2966 periculum
682 2899 743 2963 pro
753 2888 810 2941 tua
824 2877 987 2964 dignitate
1001 2876 1130 2964 fugisse
1143 2900 1151 2951 3

97 3005 176 3048 cum
202 2984 277 3068 ipsa
302 2983 361 3046 illa
386 2981 579 3046 taeterrima
604 2988 699 3064 peste
724 2998 760 3042 se
785 2977 984 3061 saepissime
1009 2999 1070 3062 pro
1095 2989 1152 3041 tua

95 3083 209 3170 gloria
223 3082 437 3147 contendisse
451 3103 459 3156 ;
477 3080 683 3145 tribunatum
699 3078 853 3147 suumad
867 3077 1010 3141 salutem
1025 3098 1150 3153 meam,

94 3204 187 3269 quae
204 3183 264 3247 tibi
285 3181 462 3247 carissima
486 3180 616 3254 fuisset,
636 3177 787 3243 consiliis
811 3177 876 3241 tuis
901 3177 1150 3264 gubernatum

94 3304 133 3346 se
150 3304 170 3346 a
187 3294 222 3347 te
238 3292 357 3367 postea
374 3281 552 3345 defensum
569 3279 605 3342 in
622 3278 775 3364 periculo
792 3276 925 3361 capitiS,
945 3277 1096 3364 adjutum
1116 3278 1151 3342 in

92 3382 259 3466 petitione
279 3391 480 3466 praeturae3
509 3379 595 3443 duos
616 3400 652 3443 se
676 3379 804 3442 habere
829 3397 964 3461 semper
988 3377 1152 3443 amicissi-

92 3503 171 3546 mos
195 3501 367 3565 sperasse,
387 3491 420 3544 te
444 3490 501 3544 tuo
520 3478 702 3552 beneficio,
720 3499 775 3541 me
793 3499 866 3541 suo.
918 3474 1019 3560 Quae
1037 3477 1151 3542 sinon

91 3582 269 3664 probaret,
296 3581 323 3644 si
351 3579 410 3644 tibi
442 3579 488 3643 ita
520 3579 653 3664 penitus
682 3577 885 3641 inhaesisset
915 3576 979 3640 ista
1010 3578 1151 3662 suspitio

90 3680 191 3743 nullo
208 3690 246 3743 nt
262 3678 362 3743 evelli
387 3679 488 3743 modo
505 3689 630 3762 posset,
650 3677 677 3742 si
694 3677 841 3762 denique
859 3677 955 3741 Italia
972 3698 994 3740 a
1011 3677 1148 3751 dilectu,

89 3780 177 3844 urbs
211 3779 255 3843 ab
289 3778 394 3842 armis
426 3778 499 3842 sine
530 3776 672 3841 Milonis
704 3777 802 3841 clade
837 3798 1024 3863 numquam
1062 3787 1152 3841 esset

89 3879 333 3964 conquietura,
357 3899 401 3942 ne
423 3878 480 3942 ille
504 3877 597 3941 haud
622 3876 780 3942 dubitans
803 3876 960 3940 cessisset
980 3874 1103 3961 patria,
1122 3875 1151 3940 is

88 3977 150 4060 qui
165 3978 229 4046 ita
249 3989 348 4042 natus
375 3990 425 4042 est
450 3988 482 4041 et
508 3977 552 4040 ita
578 3976 774 4040 consuevit:
806 3985 851 4050 te,
870 3975 1015 4062 Magne,
1034 3985 1150 4039 tamen

90 4088 333 4154 antestaretur,
352 4077 443 4164 quod
462 4097 552 4140 nunc
569 4076 670 4140 etiam
687 4075 778 4139 lacit.
