2760 4448
136 313 194 353 vm·
209 301 264 372 211·]
390 302 461 368 His
483 302 671 368 Partztans
694 324 759 368 arc
780 301 937 368 Elecled.
1147 318 1187 383 3Ι

175 520 218 568 la.
242 502 350 568 Videt
361 503 406 567 ad
423 488 535 588 ipsum
553 503 719 569 fornicem
735 502 930 569 Fabianum
943 501 978 567 in
991 503 1090 568 turba
1101 500 1194 567 Ver-

132 626 228 668 rem:
262 603 417 688 appellat
444 602 634 678 hominem,
663 616 697 668 et
727 604 758 667 ei
783 624 869 667 voce
894 603 1047 667 maxima
1072 613 1190 688 gratu·

131 705 243 768 latur:
282 703 347 789 ipsi
362 694 367 701 ’
383 701 581 776 Hortensio,
614 690 674 788 qui
706 703 826 767 consul
859 713 932 767 erat
963 701 1086 777 sactus,
1112 722 1190 787 pro-

131 804 269 890 pinquis
287 802 560 888 necessariisque
585 801 671 890 ejus,
691 802 749 888 qui
774 813 846 866 tum
871 802 1028 876 aderant,
1046 801 1189 865 verbum

131 905 266 968 nullum
290 903 506 967 sacitzxcum
532 903 599 967 hoc
623 902 796 976 consistit3
829 901 922 966 hunc
950 900 1188 986 amplexatur;

132 1004 226 1068 hunc
246 1004 343 1091 jubet
367 1003 439 1068 sine
460 1023 544 1067 cura
565 1022 653 1067 esse.
704 1001 928 1076 ‘Renuntio,’
949 1000 1071 1087 inquit,
1092 999 1187 1076 ‘tibi‚

130 1114 163 1169 te
180 1103 357 1169 hodiernis
374 1103 518 1169 comitiis
536 1123 611 1167 esse
629 1101 849 1167 absolutum!
896 1100 1002 1185 Qnd
1020 1121 1099 1165 curn
1118 1110 1188 1164 tam

132 1203 231 1268 multi
259 1203 417 1268 homines
444 1201 676 1268 honestissimi
705 1200 894 1276 audissent,
920 1201 1032 1266 statim
1061 1200 1106 1265 ad
1134 1220 1189 1264 me

131 1304 305 1368 defertur:
330 1302 436 1368 immo
452 1324 548 1377 vern,
562 1313 600 1368 ut
614 1302 760 1388 quisque
778 1321 833 1366 me
850 1300 996 1376 viderat,
1011 1300 1186 1365 narrabat.

130 1402 223 1468 Aliis
240 1402 326 1467 illud
347 1402 542 1489 indignum,
562 1402 639 1467 aliis
661 1401 859 1477 ridiculum,
878 1400 1080 1466 videbatur:
1108 1399 1189 1465 ridi-

131 1504 250 1568 culum
264 1501 384 1588 eisqui
398 1502 494 1566 istius
507 1523 649 1567 causam
661 1502 697 1565 in
710 1501 846 1568 testium
861 1502 942 1577 fide,
954 1500 989 1565 in
1006 1500 1189 1566 criminum

130 1602 278 1677 ratione,
302 1601 337 1666 in
357 1602 516 1690 judicum
541 1612 718 1686 potestate,
740 1624 810 1667 non
834 1602 870 1666 in
896 1601 1043 1667 comitiis
1066 1621 1189 1666 consu-

129 1701 276 1778 laribus,
299 1701 444 1786 positam
468 1701 740 1766 arbitrabantur:
767 1701 950 1789 indignum
973 1701 1036 1775 eis,
1058 1699 1116 1787 qui
1140 1700 1188 1765 al·

129 1803 197 1867 tius
228 1802 453 1887 aspiciebant,
480 1813 513 1866 et
541 1803 632 1866 hanc
657 1802 922 1889 gratulationem
951 1802 995 1866 ad
1020 1799 1189 1889 judicium

130 1902 424 1986 corrumpendum
463 1912 620 1986 spectare
658 1901 833 1967 videbant.
896 1918 946 1966 πο.
970 1900 1107 1966 Etenim
1139 1899 1190 1966 sic

129 2000 438 2076 ratiocinabantur,
465 2002 514 2065 sic
543 2001 774 2066 honestissimi
802 2001 959 2068 homines
984 2002 1071 2067 inter
1094 2022 1132 2067 se
1156 2010 1190 2067 et

129 2122 271 2168 mecum
300 2101 547 2186 loquebantur:
581 2111 696 2186 aperte
721 2101 793 2190 jam
823 2112 856 2166 et
887 2103 1069 2189 perspicue
1092 2102 1189 2167 nulla

129 2222 209 2266 esse
230 2199 373 2289 judicia.
424 2198 496 2286 Qu
521 2221 599 2266 reus
624 2200 732 2286 pridie
745 2201 818 2289 jam
834 2200 908 2287 ipse
925 2225 963 2269 se
979 2204 1187 2269 condemna·

128 2312 205 2369 tum
228 2301 381 2385 putabat,
401 2299 442 2375 is,
461 2312 580 2386 postea
600 2321 703 2386 quam
724 2302 884 2368 defensor
903 2302 978 2390 ejus
997 2302 1119 2368 consul
1138 2312 1189 2367 est

129 2402 256 2476 factm,
284 2398 491 2466 absolvitur!
541 2399 637 2484 Quid
666 2400 791 2488 igitur?
830 2403 922 2488 quod
951 2413 1020 2467 tota
1053 2401 1187 2479 Sicilia,

129 2502 225 2588 quod
238 2521 360 2565 omnes
373 2499 495 2575 Siculi,
508 2521 628 2565 omnes
642 2501 884 2589 negotiatores,
897 2524 1018 2569 omnes
1029 2502 1188 2589 publicae

129 2601 357 2688 privataeque
385 2600 516 2666 litterae
545 2599 680 2665 Romae
706 2612 796 2676 sunt,
824 2602 955 2667 nihilne
980 2603 1014 2667 id
1039 2602 1187 2668 valebit?

130 2701 233 2775 nihil,
258 2699 363 2764 invito
388 2701 528 2764 consule
554 2698 757 2787 designato!
807 2700 914 2787 Qui,
935 2702 1092 2791 judices?
1120 2725 1189 2768 non

129 2793 294 2874 crimina,
319 2821 389 2864 non
421 2799 526 2874 testis,
556 2821 624 2864 non
654 2798 941 2866 existimationem
971 2802 1088 2887 populi
1116 2802 1190 2866 Ro-

130 2900 228 2969 mani
254 2897 461 2984 sequentur?
508 2897 610 2963 Non:
640 2898 757 2964 omnia
781 2899 817 2965 in
840 2900 941 2967 unius
962 2910 1127 2986 potestate
1148 2921 1189 2965 ac

131 2999 369 3070 moderatione
394 3010 577 3064 vertentur.
1098 3058 1102 3062 .

175 3119 260 3165 vm.
288 3098 380 3165 Vere
411 3099 546 3185 loquar,
573 3098 729 3188 judices:
769 3100 991 3165 vehementer
1018 3096 1073 3187 me
1101 3098 1189 3165 haec

129 3223 187 3266 res
217 3199 470 3264 commovebat.
520 3198 680 3284 Optimus
708 3200 799 3265 enirn
829 3200 973 3286 quisque
1002 3198 1047 3264 ita
1072 3199 1189 3286 loque·

128 3287 255 3365 batur:
284 3298 347 3362 iste
371 3297 509 3383 quidem
534 3299 594 3364 tibi
619 3300 802 3385 eripietur:
832 3300 892 3365 sed
917 3322 980 3378 nos
1003 3321 1073 3373 non
1092 3310 1190 3377 tene·
1219 3382 1222 3385 Ἴ

103 3401 248 3465 *bimus
276 3397 407 3485 judicia
438 3398 577 3464 diutius.
643 3398 779 3464 Etenim
812 3399 888 3484 quis
920 3399 1054 3487 poterit,
1078 3397 1188 3464 Verre
1285 3399 1310 3465 '.

131 3500 304 3573 absolum,
323 3498 366 3565 de
388 3498 633 3563 transferendis
654 3499 792 3587 judiciis
812 3498 994 3564 recusare?
1031 3513 1082 3563 al.
1105 3498 1190 3564 Erat

131 3600 295 3665 omnibus
328 3598 530 3663 molestum:
571 3619 684 3685 neque
716 3619 775 3663 eos
806 3609 876 3662 tam
909 3598 1021 3665 istius
1039 3598 1188 3673 hominis
1299 3610 1302 3614 ’

132 3698 257 3784 perditi
278 3697 391 3764 subita
412 3697 553 3773 laetitia,
572 3719 675 3784 quam
689 3697 848 3763 bominis
874 3698 1075 3784 amplissimi
1099 3720 1189 3764 nova

131 3798 333 3886 gratulatio,
359 3798 609 3863 commovebat.
670 3795 863 3882 Cupiebam
892 3798 1108 3863 dissimulare
1132 3817 1189 3862 me

130 3899 169 3964 id
207 3900 352 3987 moleste
391 3898 500 3962 serre:
544 3896 727 3982 cupiebam
762 3897 867 3962 animi
905 3898 1057 3963 dolorem
1091 3894 1189 3959 vultu

130 4009 266 4088 tegere,
285 4008 319 4064 et
337 3997 565 4063 taciturnitate
582 3997 709 4064 celare.
757 3996 851 4065 Ecce
872 4007 998 4072 autem,
1017 3994 1083 4061 illis
1103 3993 1188 4078 ipsis
