2722 4438
210 291 274 338 202
568 269 726 355 Desertae
749 270 797 355 of
814 268 916 334 ΜίΙο.
952 288 955 293 ·
1133 268 1231 338 [an

129 519 132 524 ν
163 500 167 510 ·
207 495 248 538 ac
272 470 426 545 sustulit,
451 469 506 535 cui
530 469 678 556 primum
702 479 852 534 mentem
876 468 1002 556 injecit,
1020 478 1057 532 ut
1075 467 1107 532 vi
1121 468 1234 533 irritare

205 574 361 659 ferroque
378 572 548 634 lacessere
565 569 785 634 fortissimum
804 569 914 632 virum
937 569 1086 642 auderet,
1102 568 1235 633 vincere-

206 686 326 760 turque
353 672 468 743 abeo,
487 690 589 755 quern
612 669 641 733 si
660 669 797 733 vicisset
814 668 990 732 habiturus
1007 679 1093 734 esset
1110 668 1237 751 impuni-

205 785 308 839 tatem
326 784 358 838 et
376 769 549 836 licentiam
568 768 823 852 sempiternam.
1130 770 1134 775 ’

250 892 295 938 85.
318 874 399 938 Non
422 881 472 936 est
499 870 650 932 humano
677 867 832 942 consilio,
850 888 893 932 ne
919 867 1081 932 mediocri
1104 865 1236 952 quidem,

202 975 349 1063 judices
379 972 521 1037 deorum
550 966 792 1031 immortalium
818 987 913 1041 cura,
937 988 992 1032 res
1016 966 1074 1030 illa
1095 965 1237 1052 perfecta.

206 1073 409 1161 Religiones
427 1091 481 1134 me
495 1068 634 1132 hercule
651 1066 761 1150 ipsae,
776 1087 864 1152 quae
877 1067 971 1131 illam
984 1067 1119 1131 beluam
1135 1066 1240 1130 cadere
1331 1112 1332 1115 ,

205 1173 375 1245 viderunt,
405 1188 594 1235 commosse
619 1187 656 1231 se
688 1164 859 1241 videntur,
887 1176 920 1230 et
940 1166 996 1254 jus
1021 1166 1056 1229 in
1079 1165 1134 1231 illo
1156 1187 1241 1229 suum
1331 1198 1332 1239 ;

206 1273 396 1337 retinuisse.
445 1268 517 1333 Vos
534 1267 625 1333 enim
646 1265 733 1353 jam,
751 1263 881 1329 Albani
906 1265 1029 1329 tumuli
1055 1278 1150 1351 atque
1172 1263 1240 1338 luci,
1331 1250 1332 1327 i

206 1395 280 1447 vos,
295 1371 449 1457 inquam,
468 1368 613 1452 imploro
636 1376 735 1452 atque
759 1365 928 1439 obtestor3
953 1386 1096 1450 vosque,
1110 1363 1243 1427 Albano-

207 1494 284 1536 rum
307 1473 447 1537 obrutae
473 1488 566 1542 arae‚
590 1487 765 1532 sacrorum
791 1465 908 1551 populi
929 1465 1082 1530 Romani
1100 1464 1204 1528 sociae
1217 1473 1244 1526 et

207 1572 380 1659 aequales,
405 1589 490 1655 quas
519 1567 576 1631 ille
604 1586 770 1652 praeceps
795 1564 958 1638 amentia,
982 1565 1093 1629 caesis
1116 1573 1245 1648 prostra-

206 1672 315 1757 tisque
333 1667 555 1736 sanctissimis
579 1666 678 1740 lucis,
698 1663 986 1730 substructionum
1012 1663 1140 1729 insanis
1163 1663 1244 1726 moli·

205 1772 269 1837 bus
285 1778 512 1855 oppresserat.
549 1765 694 1830 Vestrae
711 1777 782 1829 tum
798 1764 914 1852 [arae]
932 1776 1067 1828 vestrae
1079 1763 1245 1850 religiones

205 1870 408 1957 viguerunt3
435 1877 549 1931 vestra
575 1865 628 1929 vis
653 1865 771 1939 valuit,
793 1885 897 1950 quam
926 1863 984 1927 ille
1012 1864 1106 1928 omni
1133 1862 1246 1927 scelere

207 1971 384 2055 polluerat.
427 1968 552 2051 Tuque
573 1987 616 2028 ex
643 1976 701 2030 tuo
718 1965 807 2030 edito
825 1974 952 2038 monte,
973 1962 1123 2029 Latiaris
1146 1973 1246 2028 sancte

211 2066 380 2154 Juppiter‚
399 2065 495 2152 cujus
512 2064 569 2128 ille
585 2066 694 2138 lacus,
713 2085 852 2128 nemora
869 2065 1015 2152 finisque
1042 2086 1146 2150 saepe
1168 2061 1247 2129 omni

205 2167 336 2233 nefario
353 2175 467 2250 stupro
484 2174 517 2228 et
533 2163 661 2228 scelere
687 2165 885 2239 macularat,
905 2166 1093 2252 aliquando
1117 2166 1160 2231 ad
1182 2185 1247 2229 eum

207 2266 436 2352 poeniendum
453 2264 570 2328 oculos
588 2264 760 2348 aperuisti.
798 2264 908 2331 Vobis
925 2266 1018 2341 illae,
1037 2267 1135 2333 vobis
1150 2276 1248 2330 vestro

206 2367 241 2431 in
259 2375 444 2449 conspectu
460 2383 570 2436 serae,
589 2364 649 2428 sed
668 2363 779 2450 justae
796 2374 911 2430 tamen
929 2378 963 2431 et
978 2367 1115 2433 debitae
1131 2384 1249 2453 poenae

207 2468 337 2532 solutae
369 2475 457 2529 sunt.
506 2480 552 2528 aa.
575 2463 652 2553 Nisi
681 2464 765 2529 sorte
790 2466 857 2531 hoc
886 2466 988 2531 etiam
1020 2488 1105 2532 casu
1136 2468 1249 2532 facturn

175 2548 186 2566 ’
207 2587 282 2632 esse
308 2565 473 2639 dicemus,
492 2575 528 2629 ut
556 2574 633 2628 ante
661 2563 773 2649 ipsum
805 2567 993 2631 sacrarium
1017 2565 1138 2632 Bonae
1162 2568 1248 2638 deae,

206 2667 297 2754 quod
314 2677 364 2730 est
381 2665 414 2728 in
431 2664 536 2733 fundo
553 2664 598 2728 T.
618 2662 720 2751 Sergi
744 2664 850 2741 Galli,
869 2667 904 2731 in
933 2667 1051 2751 primis
1073 2667 1204 2733 honesti
1224 2672 1252 2726 et

206 2766 315 2832 ornati
333 2765 573 2839 adulescentis,
590 2774 668 2828 ante
686 2765 810 2849 ipsam,
825 2766 980 2853 inquam,
994 2766 1130 2831 Bonam
1148 2768 1250 2837 deam,

207 2888 285 2931 cum
312 2864 477 2951 proelium
505 2864 743 2940 commisisset,
772 2866 919 2951 primum
948 2866 1032 2930 illud
1057 2868 1181 2932 volnus
1203 2884 1251 2927 ac-

207 2968 347 3051 ciperet,
371 2986 438 3050 quo
461 2964 695 3028 taeterrimam
721 2977 863 3030 mortem
888 2965 996 3030 obiret
1007 2988 1018 3040 3-
1048 2977 1085 3031 ut
1110 2988 1178 3031 non
1201 2965 1252 3028 ab·

206 3067 336 3131 solutus
363 3063 493 3152 judicio
525 3063 584 3127 illo
616 3065 747 3129 nefario
781 3064 965 3139 videretur,
991 3065 1052 3130 sed
1088 3067 1133 3130 ad
1172 3066 1252 3128 hanc

206 3166 377 3252 insignem
405 3184 552 3248 poenam
581 3177 786 3230 reservatus.
835 3186 952 3229 xxxu.
979 3165 1055 3230 Nec
1082 3188 1166 3230 vero
1192 3185 1252 3228 non

207 3267 328 3329 eadem
345 3265 395 3328 ira
411 3264 553 3328 deorum
571 3265 662 3329 hanc
686 3265 759 3353 ejus
784 3266 982 3330 satellitibus
1006 3264 1121 3352 injecit
1146 3284 1252 3328 amen·

206 3365 302 3438 tiam,
319 3375 355 3428 ut
372 3364 445 3429 sine
470 3364 692 3452 imaginibus,
713 3365 785 3429 sine
813 3376 914 3429 cantu
939 3376 1040 3450 atque
1066 3366 1169 3437 ludis,
1188 3364 1252 3428 sine

206 3463 389 3549 exsequiis,
406 3464 478 3528 sine
492 3464 662 3538 lamentis,
678 3464 750 3528 sine
763 3464 1027 3536 laudationibus,
1040 3464 1113 3528 sine
1126 3464 1249 3534 funere,
1280 3535 1283 3541 ff

206 3562 329 3627 oblitus
346 3583 465 3637 cruore
483 3576 515 3631 et
530 3551 613 3638 luto,
632 3564 795 3647 spoliatus
812 3563 902 3628 illius
920 3564 1069 3648 supremi
1087 3564 1155 3628 diei
1172 3563 1252 3626 cele·

205 3661 337 3736 britate,
365 3663 420 3725 cui
445 3665 566 3728 cedere
591 3662 719 3726 inimici
747 3662 849 3726 etiam
878 3664 998 3736 solent,
1025 3664 1252 3726 ambureretur

206 3761 372 3849 abjectus.
421 3761 501 3826 Non
519 3763 622 3826 luisse
640 3763 741 3826 credo
758 3761 810 3825 fas
826 3762 1092 3827 clarissimorum
1108 3762 1251 3825 virorum

206 3860 332 3924 formas
346 3860 394 3923 illi
407 3861 600 3924 taeterrimo
617 3860 808 3944 parricidae
825 3860 953 3945 aliquid
967 3861 1099 3926 decoris
1111 3860 1249 3929 adferre,
1331 3904 1332 3907 ,

187 3954 192 3959 “
207 3980 317 4044 neque
334 3958 404 4021 ullo
421 3956 454 4019 in
472 3957 546 4020 loco
563 3959 673 4041 potius
690 3971 831 4024 mortem
849 3959 922 4046 ejus
939 3960 1082 4025 lacerari
1103 3980 1205 4047 quam
1220 3957 1251 4020 in

207 4079 273 4130 quo
290 4057 358 4120 vita
375 4065 464 4120 esset
479 4055 651 4120 damnata.
