2760 4448
157 222 336 294 X¹V11L7⁶l
363 224 437 292 His
459 226 587 293 Rustic
608 227 696 312 Ltse
718 228 793 293 and
814 227 1020 295 Character.
1170 246 1210 312 13

153 436 225 491 tum
243 424 362 492 dedit?
404 425 532 492 Nonne
548 426 603 494 his
618 427 774 515 vestigiis
789 428 834 494 ad
851 438 954 514 caput
970 427 1119 494 malefici
1136 450 1212 514 per·

151 526 263 590 veniri
287 523 399 590 solet?
447 525 492 591 Et
515 527 616 591 simul
639 527 700 592 tibi
724 527 759 590 in
783 540 934 593 mentem
956 528 1071 593 veniat
1095 527 1210 602 facito,

149 646 256 711 quem
290 627 336 690 ad
370 625 512 690 modum
544 626 649 690 vitam
682 626 825 713 hujusce
858 626 1076 711 depinxeris:
1119 628 1212 692 hunc

149 725 332 790 hominem
366 725 478 790 serum
511 736 613 811 atque
645 737 819 811 agrestem
855 725 980 800 fuisse3
1021 746 1211 812 numquam

149 845 233 889 cum
263 823 406 890 homine
434 845 610 910 quoquam
638 824 858 890 conlocutum
887 846 984 899 esse3
1022 845 1211 911 numquam

149 924 188 987 in
212 924 344 1009 oppido
373 922 578 989 constitisse.

196 1039 245 1087 aa.
271 1023 354 1111 Qua
381 1023 418 1087 in
445 1040 483 1088 re
510 1032 686 1108 praetereo
713 1022 812 1099 illud,
836 1024 927 1110 quod
952 1022 1035 1088 mihi
1059 1021 1213 1089 maximo

151 1135 361 1211 argumento
378 1122 424 1187 ad
441 1123 544 1210 hujus
561 1122 794 1189 innocentiam
817 1134 949 1209 poterat
971 1143 1060 1197 esse,
1079 1122 1114 1187 in
1138 1145 1212 1188 rus·

152 1223 228 1287 ticis
249 1221 418 1298 moribus,
436 1222 472 1286 in
488 1222 582 1300 uictu
597 1222 707 1297 arido,
725 1223 761 1287 in
779 1223 845 1289 hac
861 1223 999 1289 horrida
1015 1222 1212 1310 incultaque

152 1323 221 1387 vita
246 1322 346 1387 istius
371 1321 464 1386 modi
490 1322 661 1388 maleficia
685 1310 785 1412 gigni
809 1345 878 1389 non
903 1324 1026 1389 solere.
1075 1323 1123 1391 Ut
1142 1344 1211 1388 non

152 1444 295 1487 omnem
311 1421 450 1513 frugem
467 1443 580 1508 neque
597 1423 754 1488 arborem
772 1423 808 1488 in
830 1423 926 1490 omni
951 1444 1036 1512 agro
1060 1423 1211 1510 reperire

153 1522 280 1606 possis,
310 1521 361 1586 sic
389 1543 459 1586 non
487 1542 592 1587 omne
618 1523 753 1588 facinus
778 1523 813 1588 in
836 1523 929 1589 omni
952 1523 1022 1588 vita
1045 1524 1208 1590 nascitur.

153 1620 196 1685 In
212 1621 299 1686 urbe
316 1620 471 1686 luxuries
488 1632 643 1697 creatur3
672 1645 718 1687 ex
742 1623 879 1688 luxuria
902 1623 1044 1689 exsistat
1067 1622 1211 1688 avaritia

155 1741 299 1785 necesse
316 1731 379 1795 est,
398 1742 443 1785 ex
460 1721 603 1786 avaritia
620 1733 778 1807 erumpat
794 1723 960 1798 audacia3
993 1724 1073 1789 inde
1090 1722 1209 1788 omnia

155 1822 289 1886 scelera
322 1841 364 1885 ac
395 1821 566 1901 maleficia
597 1822 800 1911 gignuntur.
863 1822 945 1891 Vita
976 1834 1091 1889 autem
1124 1823 1211 1887 haec

154 1922 297 1997 rustica,
323 1941 427 2007 quam
451 1931 488 1985 tu
516 1935 694 2008 agrestem,
721 1944 839 1999 vocas,
864 1922 1109 2009 parsimoniae,
1135 1922 1212 1988 dili·

155 2021 309 2110 gentiae,
331 2019 483 2108 justitiae
507 2022 674 2108 magistra
698 2033 760 2087 est.

198 2138 248 2187 ³4.
271 2119 405 2184 Verum
441 2120 528 2185 haec
560 2121 665 2186 missa
697 2121 798 2187 facio.
848 2121 939 2187 Illud
971 2121 1210 2209 quaero,-is

156 2222 273 2296 homo,
308 2220 380 2306 qui,
413 2229 451 2285 ut
481 2229 551 2284 tute
583 2220 682 2297 dicis,
716 2243 903 2308 numquam
936 2222 1023 2287 inter
1054 2222 1211 2288 homines

156 2321 269 2397 fuerit,
292 2341 354 2405 per
374 2341 460 2405 quos
481 2319 638 2385 homines
659 2321 725 2386 hoc
748 2333 880 2386 tantum
904 2322 1038 2386 facinus
1062 2334 1131 2386 tarn
1154 2342 1212 2386 oc·

157 2422 261 2497 culte,
293 2421 419 2485 absens
450 2420 664 2504 praesertim,
694 2422 864 2486 conficere
891 2421 1048 2506 potuerit.
1097 2420 1210 2485 Multa

157 2531 236 2586 sunt
259 2518 361 2595 falsa,
377 2518 528 2607 judices,
552 2541 642 2605 quae
666 2531 782 2585 tamen
805 2521 905 2608 argui
929 2521 1110 2605 suspitiose
1133 2543 1211 2604 pos·

158 2631 256 2694 sunt3
297 2619 332 2683 in
365 2618 419 2683 his
451 2620 553 2684 rebus
582 2619 610 2683 si
639 2620 781 2705 suspitio
810 2633 944 2705 reperta
972 2620 1046 2695 erit,
1072 2621 1214 2705 culpam

158 2721 271 2785 inesse
304 2718 506 2783 concedam.
567 2718 704 2783 Rornae
736 2719 819 2784 Sex.
851 2719 1000 2785 Roscius
1030 2719 1208 2794 occiditur,

159 2842 237 2885 curn
266 2818 304 2883 in
331 2839 417 2905 agro
444 2816 612 2885 Amerino
641 2830 731 2883 esset
757 2820 859 2884 filius.
909 2819 1071 2894 Litteras,
1093 2820 1208 2894 credo,

158 2920 250 2985 misit
283 2917 386 2983 alicui
418 2917 554 3009 sicari0,
588 2917 646 3004 qui
682 2919 818 2983 Romae
850 2930 991 2984 noverat
1008 2902 1208 2983 neminem.

158 3018 367 3086 ‘Arcessivit
383 3018 559 3104 aliquem!
607 3017 722 3102 Quem
740 3030 799 3084 aut
814 3018 974 3104 quando?
1020 3018 1211 3084 ‘Nuntium

157 3119 275 3185 misit.'
326 3117 444 3205 Qem
471 3118 602 3183 autad
630 3117 755 3204 q'uem?
805 3118 950 3195 ‘Pretio,
980 3119 1104 3206 gratia,
1134 3139 1208 3204 spe,

133 3218 335 3306 ‚promissis
352 3218 488 3283 induxit
504 3218 679 3305 aliquem!
724 3217 820 3284 Nihil
845 3220 966 3283 horum
992 3240 1035 3283 ne
1060 3206 1212 3309 confingi

157 3319 297 3405 quidem
315 3329 438 3403 potest,
458 3329 491 3382 et
506 3329 622 3382 tamen
639 3340 744 3410 causa
761 3319 804 3383 de
821 3317 1005 3404 parricidio
1021 3318 1164 3385 diciturl

202 3435 248 3482 ³5.
271 3418 461 3503 Reliquum
487 3429 538 3482 est
562 3429 598 3482 ut
621 3440 682 3503 per
704 3419 873 3493 servosjd
890 3418 1078 3484 admiserit.
1128 3416 1211 3487 Odi

157 3515 391 3583 immortales!
425 3540 497 3582 rem
526 3519 687 3583 miseram
717 3529 749 3582 et
777 3518 1027 3594 calamitosam,
1056 3521 1148 3606 quod
1176 3522 1211 3587 in

158 3618 217 3684 tali
235 3617 380 3683 crimine
395 3619 487 3704 quod
504 3618 677 3683 innocenti
695 3618 796 3683 saluti
813 3620 900 3684 solet
922 3639 1011 3694 esse,
1035 3632 1071 3685 ut
1095 3643 1211 3688 servos

158 3718 194 3782 in
217 3717 454 3804 quaestionem
477 3718 690 3804 polliceatur,
709 3718 744 3783 id
761 3717 845 3784 Sex.
865 3719 994 3785 Roscio
1012 3719 1125 3786 facere
1142 3743 1211 3787 non

159 3818 250 3884 licet.
299 3816 386 3894 Vos,
419 3817 478 3905 qui
510 3818 603 3884 hunc
635 3819 816 3896 accusatis,
845 3820 957 3886 omnis
990 3819 1062 3908 ejus
1094 3841 1211 3886 servos

159 3918 306 3985 habetis.
350 3917 450 3987 Unus
463 3939 561 4006 puer,
576 3918 685 3985 victus
698 3919 859 3986 cotidiani
877 3919 1041 3997 minister,
1057 3941 1100 3985 ex
1117 3930 1210 3995 tanta
