2722 4438
163 263 225 328 182
519 257 676 345 Defence
699 259 747 345 (ff
765 258 869 325 Milo.
1101 257 1213 328 [Mn0,

159 462 318 527 utilitates
334 459 452 526 fuisse.
491 458 610 545 Itaque
626 458 711 523 illud
728 456 935 523 Cassianum
952 459 1012 523 cui
1024 459 1109 523 bono
1121 461 1215 544 fue-

160 563 209 627 rit
225 562 260 625 in
277 561 329 625 his
346 558 500 644 personis
516 558 650 631 valeat3
676 557 736 621 etsi
757 557 837 623 boni
861 558 956 622 nullo
980 558 1214 624 emolumento

159 660 380 745 impelluntur
398 658 434 722 in
455 658 624 732 fraudem,
643 656 788 740 improbi
810 677 914 741 saepe
936 678 1054 742 parvo.
1103 656 1213 744 Atqui

161 759 291 825 Milone
304 757 479 822 interfecto
492 755 634 822 Clodius
647 757 734 820 haec
747 756 1009 843 adsequebatur,
1025 779 1093 821 non
1109 760 1213 824 modo

159 872 196 924 ut
212 871 347 944 praetor
367 867 456 922 esset
473 878 541 921 non
557 877 598 921 eo
611 856 751 921 consule
764 878 831 943 quo
845 858 984 922 sceleris
997 857 1083 922 nihil
1097 858 1213 924 facere

160 970 274 1045 posset
285 981 294 1033 3
321 958 381 1023 sed
406 957 507 1020 etiam
529 966 566 1020 ut
587 955 635 1021 eis
652 957 850 1023 consulibus
866 969 1001 1043 praetor
1017 970 1118 1034 esset,
1138 961 1213 1047 qui-

159 1060 223 1124 bus
240 1058 268 1123 si
285 1079 353 1122 non
372 1056 610 1144 adjuvantibus
628 1067 662 1121 at
677 1058 913 1125 coniventibus
935 1070 1039 1135 certe,
1058 1073 1214 1147 speraret

159 1180 260 1244 posse
285 1179 321 1223 se
344 1158 482 1222 eludere
502 1157 536 1221 in
552 1156 620 1222 illis
636 1158 706 1223 suis
724 1159 880 1246 cogitatis
897 1160 1088 1226 furoribus:
1113 1162 1213 1251 cujus

159 1258 208 1322 illi
233 1270 387 1333 conatus,
415 1268 452 1322 ut
474 1258 548 1344 ipse
572 1258 848 1334 ratiocinabatur,
875 1281 939 1325 nec
967 1273 1134 1346 cuperent
1159 1283 1213 1327 re-

160 1358 306 1445 primere
320 1358 347 1424 si
360 1370 510 1444 possent,
525 1380 603 1424 cum
616 1370 746 1452 tanturn
762 1361 968 1426 beneficium
984 1362 1015 1426 ei
1032 1384 1068 1428 se
1085 1363 1213 1429 debere

161 1459 423 1536 arbitrarentur3
450 1470 495 1534 et,
514 1459 541 1524 si
566 1461 705 1535 vellent,
724 1461 866 1526 sortasse
889 1461 949 1525 vix
965 1473 1104 1547 possent
1121 1463 1213 1527 fran-

150 1566 243 1646 tgere
260 1559 407 1625 hominis
421 1559 673 1625 sceleratissimi
687 1560 946 1626 conroboratam
959 1562 1033 1650 jam
1045 1573 1213 1628 vetustate

162 1660 355 1725 audaciam.
398 1710 400 1716 .

205 1777 252 1825 33.
274 1759 332 1825 An
348 1782 443 1836 vero,
454 1760 601 1849 judices,
615 1781 677 1825 vos
693 1759 755 1825 soli
772 1759 960 1848 ignoratis?
981 1784 1043 1827 vos
1059 1763 1213 1849 hospites

161 1862 196 1927 in
225 1862 291 1926 hac
312 1862 397 1925 urbe
421 1860 630 1925 versamini?
656 1871 789 1925 vestrae
811 1861 1073 1949 peregrinantur
1096 1884 1212 1938 aureS,

162 1982 273 2048 neque
301 1960 337 2051 in
365 1960 431 2026 hoc
458 1971 645 2047 pervagato
670 1959 813 2025 civitatis
837 1982 994 2026 sermone
1016 1974 1212 2038 versantur,

162 2083 248 2148 quas
279 2061 336 2125 ille
368 2059 556 2148 leges-si
585 2060 681 2146 leges
709 2059 939 2125 nominandae
968 2071 1046 2125 sunt
1073 2082 1115 2125 ac
1143 2084 1214 2126 non

163 2162 257 2226 faces
287 2159 393 2235 urbis,
420 2170 532 2245 pestes
559 2158 608 2222 rei
638 2159 963 2243 publicae—fuerit
992 2160 1215 2246 impositurus

163 2261 261 2327 nobis
274 2261 431 2327 omnibus
444 2271 545 2345 atque
561 2257 756 2323 inusturus?
786 2258 935 2336 Exhibe,
950 2281 1090 2347 quaeso,
1107 2261 1215 2327 Sexte

164 2362 278 2437 Clodi,
300 2361 425 2426 exhibe
449 2359 624 2425 librarium
649 2358 733 2423 illud
757 2359 874 2446 legum
896 2371 1100 2436 vestrarum,
1121 2361 1216 2448 quod

163 2475 196 2528 te
221 2463 315 2527 aiunt
339 2460 504 2545 eripuisse
525 2479 545 2523 e
562 2458 663 2523 domo
679 2468 712 2522 et
727 2479 771 2522 ex
788 2458 909 2523 mediis
926 2460 1030 2525 armis
1045 2461 1217 2546 turbaque

164 2575 331 2628 nocturna
343 2571 517 2647 tamquam
530 2557 724 2623 Palladium
742 2558 930 2634 sustulisse,
944 2570 982 2623 ut
997 2561 1217 2644 praeclarum

163 2663 323 2729 videlicet
361 2682 485 2725 munus
520 2669 621 2745 atque
652 2658 913 2722 instrumentum
946 2659 1136 2725 tribunatus
1170 2662 1217 2726 ad

165 2765 327 2851 aliquem,
351 2762 379 2827 si
404 2772 523 2827 nactus
548 2780 655 2835 esses,
680 2758 738 2844 qui
763 2769 819 2824 tuo
844 2759 982 2825 arbitrio
1005 2761 1217 2825 tribunatum

62 2936 70 2949 ,
164 2875 309 2952 gereret,
329 2862 461 2929 deferre
478 2880 608 2945 posses.
656 2857 772 2944 Atque
794 2879 912 2944 per..
934 2906 941 2922 .
962 2880 1006 2924 an
1031 2861 1132 2950 hujus
1156 2861 1218 2926 ille

164 2965 252 3054 legis
276 2985 379 3051 quam
404 2960 548 3027 Clodius
572 2981 592 3024 a
616 2980 653 3025 se
677 2959 851 3024 inventam
875 2960 1053 3047 gloriatur,
1073 2963 1219 3028 mentio-

164 3087 243 3129 nem
258 3064 371 3129 facere
384 3083 487 3127 ausus
500 3071 589 3125 esset
599 3060 676 3124 vivo
687 3058 832 3135 Milone,
845 3082 914 3125 non
927 3062 1040 3127 dicam
1052 3062 1219 3129 consule?

165 3164 219 3228 De
236 3176 387 3229 nostrum
405 3162 496 3228 enim
513 3160 799 3227 omnium—non
820 3161 931 3227 audeo
954 3173 1060 3227 totum
1085 3164 1217 3230 dicere.

164 3263 287 3328 Videte
304 3264 386 3351 quid
403 3285 444 3328 ea
460 3262 517 3327 viti
535 3262 591 3326 lex
609 3260 765 3325 habitura
782 3260 893 3337 suerit,
909 3262 1006 3350 cujus
1022 3264 1221 3348 periculosa

166 3363 267 3426 etiam
295 3364 516 3448 reprehensio
540 3372 602 3426 est.
659 3360 703 3425 Et
731 3362 865 3447 aspexit
891 3384 946 3428 me
977 3362 1045 3428 illis
1076 3364 1220 3451 quidem

165 3462 287 3537 oculiS,
308 3463 430 3548 quibus
454 3473 525 3526 tum
550 3461 681 3529 solebat
704 3481 783 3526 curn
800 3461 958 3528 omnibus
974 3463 1089 3527 omnia
1107 3464 1222 3526 mina-

165 3561 275 3625 batur.
323 3559 442 3625 Movet
458 3582 512 3625 me
528 3561 655 3646 quippe
671 3561 787 3624 lumen
805 3560 941 3626 curiae!
989 3574 1084 3626 xum·
1098 3561 1223 3645 Quid?

166 3672 201 3725 tu
221 3682 277 3725 me
295 3660 354 3725 tibi
379 3659 515 3736 iratum,
539 3659 658 3734 Sexte,
685 3670 795 3744 putas
820 3661 916 3748 cujus
941 3661 1222 3727 inimicissimum

167 3761 273 3825 multo
297 3759 468 3825 crudelius
490 3759 592 3823 etiarn
612 3759 768 3843 poenitus
785 3780 835 3834 eS,
849 3780 953 3845 quam
970 3771 1043 3825 erat
1059 3762 1224 3824 humani-

165 3859 243 3924 tatis
267 3880 364 3923 meae
381 3857 575 3944 postulare?
620 3858 677 3922 Tu
694 3858 734 3922 P.
754 3856 855 3923 Clodi
872 3871 1049 3924 cruentum
1066 3861 1225 3926 cadaver

168 3958 294 4049 ejecisti
318 3959 442 4033 domo;
465 3967 501 4021 tu
522 3956 558 4021 in
581 3956 757 4041 publicum
782 3957 956 4046 abjecisti3
980 3969 1016 4023 tu
1032 3959 1223 4046 spoliatum
