2722 4438
155 232 218 316 238
376 229 448 298 Tae
471 230 643 318 Struggla
665 231 806 317 against
828 228 982 318 Antony.
1007 229 1106 300 [Pan.
1120 232 1202 286 XIV.

153 432 297 507 Hirtius,
313 432 410 520 cujus
427 430 693 497 imbecillitatem
710 429 914 495 valetudinis
931 431 1036 496 animi
1048 433 1152 498 virtus
1170 444 1204 498 et

152 555 230 618 spes
246 533 409 598 victoriae
431 531 658 596 confirmavit.
707 528 852 603 Caesar,
872 550 949 593 cum
974 532 1124 595 exercitu
1141 553 1204 616 per

152 653 188 697 se
205 645 402 719 comparato
416 652 494 695 cum
511 630 659 715 primum
676 628 827 714 pestibus
840 650 912 692 rem
929 629 1102 713 publicam
1119 631 1204 695 libe-

149 743 272 809 rasset,
284 754 327 797 ne
340 731 422 820 quid
436 742 554 815 postea
567 729 706 794 sceleris
722 740 886 803 oreretur,
903 728 1074 813 profectus
1090 740 1141 793 est
1157 730 1203 795 ad

151 833 299 897 eundem
317 831 459 896 Brutum
476 829 706 904 liberandum,
718 827 866 914 vicitque
884 829 1037 921 dolorem
1053 828 1204 915 aliquem

151 932 374 1009 domesticum
399 929 529 1015 patriae
555 927 707 994 caritate.
755 947 782 995 tt.
807 927 902 1014 Qud
926 927 969 994 C.
992 927 1107 993 Pansa
1132 930 1206 1016 egit

152 1032 243 1096 aliud
261 1030 439 1096 dilectibus
465 1029 646 1104 habendis,
666 1030 812 1113 pecunia
837 1030 1085 1114 comparanda,
1102 1050 1205 1094 sena-

150 1142 204 1213 tus
229 1130 390 1195 consultis
414 1129 582 1194 faciendis
599 1129 812 1216 gravissimis
828 1129 863 1194 in
880 1128 1084 1204 Antonium,
1103 1129 1205 1194 nobis

152 1230 381 1303 cohortandis,
400 1229 528 1313 populo
546 1228 707 1293 Romano
724 1231 768 1295 ad
789 1251 931 1294 causam
955 1229 1119 1295 libertatis
1143 1250 1206 1294 vo·

137 1330 275 1404 cand0,
293 1329 357 1395 nisi
381 1340 418 1393 ut
438 1328 481 1392 D.
500 1327 628 1393 Brutus
644 1328 867 1394 liberaretur?
913 1327 948 1393 A
963 1351 1030 1415 quo
1054 1328 1205 1415 populus

151 1428 331 1494 Romanus
363 1428 526 1514 frequens
555 1428 602 1492 ita
633 1430 779 1493 salutem
809 1429 853 1492 D.
889 1427 985 1493 Bruti
1015 1449 1085 1493 una
1114 1449 1205 1494 voce

151 1529 361 1613 depoposcit,
392 1541 427 1592 ut
455 1548 532 1593 eam
562 1550 630 1593 non
663 1530 773 1593 solum
807 1529 998 1594 commodis
1028 1529 1112 1604 suis,
1140 1527 1206 1594 sed

151 1629 253 1694 etiam
269 1628 462 1693 necessitati
479 1628 588 1693 victus
605 1628 799 1693 anteferret.
851 1620 956 1712 Qod
976 1650 1115 1713 sperare
1139 1651 1205 1694 nos

151 1728 287 1814 quidem
305 1727 483 1802 debemus,
502 1714 616 1812 patres
641 1727 837 1813 conscripti,
856 1738 914 1792 aut
937 1728 1019 1793 inibi
1044 1750 1120 1794 esse
1145 1739 1207 1793 aut

155 1829 228 1915 jam
253 1849 328 1892 esse
352 1826 559 1892 confectum.
609 1825 682 1892 Sed
705 1827 778 1912 spei
803 1827 950 1892 fructum
969 1828 1018 1892 rei
1043 1828 1206 1892 convenit

150 1938 184 1992 et
207 1938 327 1992 evento
343 1926 525 2001 reservari,
543 1947 587 1990 ne
604 1938 663 1991 aut
681 1929 822 1992 deorum
839 1926 1080 1991 immortalium
1098 1928 1205 1992 bene-

150 2027 264 2090 ficium
282 2025 497 2091 festinatione
514 2026 758 2110 praeripuisse,
777 2037 835 2090 aut
850 2026 919 2090 vim
939 2025 1096 2091 fortunae
1120 2027 1205 2092 stul-

150 2125 220 2190 titia
238 2124 483 2209 contempsisse
499 2124 689 2189 videamur.

193 2243 221 2290 u.
244 2224 314 2290 Sed
331 2224 493 2310 quoniam
510 2223 714 2311 significatio
727 2236 840 2290 vestra
856 2225 939 2291 satis
955 2225 1108 2290 declarat
1119 2226 1205 2313 quid

150 2326 217 2392 hac
244 2326 287 2390 de
314 2345 351 2389 re
379 2323 544 2398 sentiatis,
573 2323 616 2389 ad
645 2324 772 2390 litteras
792 2326 942 2400 veniam,
970 2337 1159 2411 quaesunt
1183 2348 1205 2390 a

150 2426 346 2492 consulibus
363 2434 396 2488 et
412 2445 432 2487 a
448 2435 668 2508 propraetore
685 2424 824 2500 missae,
843 2425 870 2490 si
887 2446 999 2510 pauca
1017 2437 1095 2489 ante
1111 2447 1204 2512 quae

150 2526 194 2591 ad
216 2526 309 2610 ipsas
329 2523 456 2588 litteras
478 2523 673 2608 pertineant
692 2524 823 2589 dixero.
872 2545 925 2588 111.
952 2524 1076 2588 Imbuti
1093 2525 1205 2611 gladii

150 2636 239 2701 sunt,
252 2635 365 2710 patres
378 2621 574 2707 conscripti,
589 2623 766 2710 legionum
779 2623 1058 2710 exercituumque
1070 2635 1205 2689 nostro-

149 2748 238 2800 rum,
256 2725 311 2791 vel
336 2722 519 2788 madefacti
543 2722 655 2807 potius
679 2711 812 2788 duobus
836 2724 981 2789 duorum
1005 2724 1202 2801 consulum,

148 2825 245 2890 tertio
269 2823 431 2889 Caesaris
455 2822 598 2908 proelio.
648 2822 687 2888 Si
704 2824 852 2888 hostium
876 2823 1019 2888 fuit-ille
1042 2824 1202 2910 sanguiS,

150 2946 284 2992 summa
315 2924 460 2988 militum
492 2921 622 3007 pietas:
656 2923 826 2987 nefarium
857 2924 982 2998 scelus,
1004 2922 1033 2988 si
1059 2924 1201 2988 civium.

151 3023 230 3108 Quo
247 3045 354 3109 usque
371 3022 476 3110 igitur
493 3021 534 3095 is,
549 3022 607 3107 qui
620 3022 731 3087 omnis
749 3022 854 3087 hostis
867 3023 996 3088 scelere
1013 3025 1201 3108 superavit,

149 3125 287 3189 nomine
308 3123 414 3188 hostis
430 3120 584 3186 carebit?
608 3122 673 3187 nisi
690 3143 871 3187 mucrones
889 3123 991 3187 etiam
1008 3135 1203 3189 nostrorum

149 3224 294 3288 militum
310 3234 457 3288 tremere
473 3220 587 3297 voltis,
607 3221 791 3287 dubitantis
807 3233 921 3286 utrum
937 3222 972 3286 in
997 3223 1071 3288 cive
1096 3244 1142 3288 an
1166 3224 1203 3289 iu

150 3324 245 3406 hoste
263 3325 424 3411 figantur.
472 3340 501 3388 7.
525 3320 821 3408 Supplicationem
838 3323 1041 3399 decernitis3
1066 3325 1202 3391 hostem

150 3443 218 3485 non
235 3423 428 3506 appellatis.
478 3423 607 3490 Gratae
623 3444 705 3488 vero
722 3436 858 3487 nostrae
876 3422 928 3487 dis
952 3423 1202 3492 immortalibus

149 3521 395 3607 gratulationes
412 3536 523 3601 erunt,
542 3534 660 3611 gratae
677 3522 851 3597 victimae,
870 3544 948 3587 cum
964 3523 1143 3589 interfecta
1159 3526 1204 3592 sit

149 3621 274 3686 civium
298 3623 499 3689 multitudo!
549 3623 628 3688 ‘De
648 3622 831 3708 improbis’
851 3623 960 3709 inquit
980 3624 988 3651 ‘
1005 3635 1038 3689 et
1061 3627 1203 3691 audaci-

149 3722 238 3787 bus.’
280 3720 374 3786 Nam
391 3723 441 3787 sic
458 3746 516 3788 eos
534 3724 685 3808 appellat
698 3722 908 3788 clarissimus
924 3722 997 3787 vir:
1017 3746 1106 3811 quae
1123 3737 1204 3792 sunt

149 3823 360 3887 urbanarum
391 3822 574 3887 maledicta
598 3822 719 3898 litium,
744 3844 812 3887 non
837 3822 970 3888 inustae
993 3824 1074 3888 belli
1099 3825 1202 3890 inter·

150 3922 260 3987 necivi
282 3934 392 3986 notae.
425 3922 647 3986 Testamenta
666 3921 797 4006 (credo)
815 3922 985 3987 subiciunt
1001 3935 1059 3989 aut
1074 3924 1202 3991 eiciunt

601 4146 735 4283 5,
