2572 4442
65 362 134 402 xxiv.
152 349 204 419 54]
265 350 301 416 T
295 351 336 415 be
365 352 508 418 Consuls
532 355 621 420 have
644 357 737 422 their
760 357 931 427 Reward.
1035 375 1100 450 159

59 570 107 614 me
125 560 235 614 tamen
255 550 292 615 in
318 573 429 617 meam
454 554 631 639 pristinam
658 557 875 644 dignitatem,
896 559 992 625 brevi
1016 573 1101 627 tem·

55 666 128 734 pore
159 652 288 717 doloris
318 652 507 740 interjecto,
541 656 590 720 rei
622 657 781 742 publicae
816 681 902 724 voce
938 684 1013 728 esse
1047 685 1101 729 re-

55 761 215 813 vocatum.

90 866 135 913 ao.
158 850 232 916 Sed
254 851 310 937 (ut
328 863 479 917 revertar
498 854 541 919 ad
559 855 643 920 illud
660 857 751 942 quod
771 858 854 923 mihi
873 859 907 925 in
924 862 990 927 hac
1006 863 1099 927 omni

54 964 96 1015 est
117 952 272 1016 oratione
292 953 516 1037 propositum,
534 955 693 1020 omnibus
716 959 815 1024 malis
837 961 894 1026 illo
916 982 1007 1028 anno
1027 984 1100 1028 sce-

53 1053 113 1115 lere
134 1051 319 1121 consulum
343 1072 415 1115 rem
435 1054 608 1137 publicam
627 1078 703 1121 esse
722 1061 932 1149 consectam)
951 1062 1099 1148 primum

52 1151 102 1216 illo
130 1150 206 1236 ipso
240 1151 310 1227 die,
341 1151 399 1238 qui
427 1152 510 1215 milri
539 1153 693 1223 funestus
722 1158 796 1236 suit,
820 1161 978 1227 omnibus
1002 1163 1100 1228 bonis

52 1252 381 1329 luctuosus,·—cum
410 1273 477 1361 egp
502 1275 557 1320 me
590 1277 609 1321 e
643 1260 827 1344 complexu
858 1262 988 1346 patriae
1019 1283 1100 1326 con-

53 1365 230 1441 spectuque
256 1365 370 1419 vestro
394 1354 609 1439 eripuissem,
636 1371 670 1423 et
694 1370 785 1424 metu
813 1361 914 1425 vestri
943 1361 1098 1446 periculi,

51 1475 110 1517 non
126 1455 209 1530 mei,
229 1454 336 1521 furori
354 1455 512 1536 hominis,
527 1458 661 1533 sceleri,
686 1459 864 1545 perfidiae,
886 1461 960 1525 telis
985 1460 1101 1526 minis·

52 1574 107 1639 que
123 1556 324 1630 cessissem,
342 1556 569 1644 patriamque,
589 1579 679 1644 quae
705 1559 787 1622 mihi
813 1569 885 1622 erat
909 1559 1098 1636 carissima,

51 1669 179 1741 propter
211 1658 322 1744 ipsius
360 1657 490 1742 patriae
530 1659 706 1723 caritatem
743 1658 976 1744 reliquissem3
1022 1680 1101 1724 cum

52 1778 155 1821 meum
173 1743 275 1823 illum
293 1780 411 1823 casum
428 1770 497 1822 tam
523 1757 737 1831 horribilem,
758 1769 826 1822 tam
853 1779 1008 1844 gravem,
1031 1771 1100 1823 tam

51 1860 262 1941 repentinum
276 1881 344 1923 non
358 1859 467 1923 solum
486 1859 656 1933 homineS,
672 1858 732 1923 sed
749 1869 837 1923 tecta
855 1858 947 1922 urbis
964 1879 1005 1923 ac
1017 1870 1101 1923 tem-

52 1958 100 2039 pla
115 1959 291 2047 lugerent,
306 1980 408 2023 neruo
421 1969 569 2023 vestrum
585 1959 710 2033 iorum,
726 1979 826 2023 nemo
840 1958 983 2034 curiam,
999 1981 1100 2025 nemo

52 2056 154 2123 lucem
183 2061 343 2146 aspicere
371 2060 629 2135 vellet,—ill0‚
660 2059 813 2146 inquam,
844 2060 918 2146 ipso
950 2060 1018 2136 die,
1045 2059 1101 2125 die

54 2157 140 2224 dico?
171 2160 283 2225 immo
300 2161 386 2225 hora
403 2171 503 2246 atque
520 2160 621 2225 etiarn
640 2172 767 2246 puncto
784 2161 946 2245 temporis
963 2161 1097 2235 eodem,

53 2259 126 2323 mihi
150 2262 273 2348 reique
293 2260 452 2346 publicae
469 2261 651 2345 pernicies,
671 2260 822 2325 Gabinio
840 2272 873 2325 et
889 2260 1005 2325 Pisoni
1025 2282 1101 2345 pro-

53 2359 155 2425 vincia
177 2372 303 2448 rogata
319 2372 381 2424 est.
430 2375 471 2423 ³1.
495 2360 562 2425 Pro
580 2361 634 2426 dei
651 2360 875 2435 immortales,
895 2361 1051 2425 custodes
1069 2370 1101 2425 et

53 2472 303 2526 conservatores
320 2460 422 2548 hujus
437 2460 531 2525 urbis
552 2471 653 2546 atque
678 2459 821 2546 imperil
854 2481 1024 2546 quaenam
1042 2460 1101 2525 illa

54 2554 82 2618 in
97 2581 130 2623 re
147 2561 289 2646 publica
307 2573 470 2634 monstra,
485 2582 573 2646 quae
588 2561 719 2655 scelera
732 2559 864 2624 vidistis
879 2559 886 2623 l
916 2558 1012 2625 Civis
1029 2571 1102 2625 erat

53 2661 210 2740 expulsus
230 2659 272 2732 is,
290 2660 348 2746 qui
373 2682 444 2724 rem
470 2659 643 2744 publicam
670 2680 714 2723 ex
738 2670 878 2723 senatus
902 2659 1101 2724 auctoritate

53 2772 122 2820 cum
145 2760 307 2824 omnibus
331 2759 430 2824 bonis
454 2758 666 2833 defenderat,
689 2770 722 2823 et
749 2759 914 2843 expulsus
939 2779 1008 2822 non
1034 2757 1101 2822 alio

52 2854 170 2941 aliquo,
199 2860 261 2923 sed
293 2881 334 2923 eo
357 2858 440 2943 ‚ipso
473 2858 627 2921 crimine.
681 2857 765 2920 Erat
792 2869 906 2921 autem
936 2860 1101 2943 expulsus

52 2953 116 3019 sine
131 2956 276 3045 judicio,
295 2958 341 3032 vi,
361 2958 544 3042 lapidibuS,
564 2956 666 3032 serm,
685 2957 822 3021 servitio
847 2957 995 3044 denique
1020 2980 1101 3023 con-

52 3051 164 3120 citato:
191 3058 250 3122 lex
266 3068 338 3120 erat
353 3058 422 3121 lata
438 3069 533 3121 vasto
551 3077 592 3121 ac
608 3056 726 3121 relicto
743 3055 816 3121 soro
833 3067 867 3120 et
883 3056 1014 3122 sicariis
1031 3068 1112 3123 ser-t

51 3150 162 3240 visque
181 3156 327 3231 tradito;
360 3169 393 3221 et
411 3177 452 3222 ea
472 3157 542 3231 lex,
561 3178 650 3242 quae
670 3167 707 3221 ut
726 3156 942 3229 neferretur,
961 3168 1100 3224 senatus

52 3248 153 3320 suerat
170 3267 266 3320 veste
283 3267 421 3320 mutata.
471 3271 517 3319 ³2.
543 3255 622 3321 Hac
638 3267 731 3320 tanta
748 3257 1101 3341 perturbationecivi-

52 3351 120 3417 tatis
137 3378 180 3421 ne
198 3367 332 3419 noctem
349 3356 487 3441 quidem
505 3356 664 3421 consules
680 3355 767 3420 inter
784 3377 900 3420 meum
925 3356 1099 3441 interitum

52 3459 80 3513 et
95 3474 191 3520 suam
208 3456 372 3541 praedam
389 3454 552 3520 interesse
570 3456 662 3540 passi
680 3467 779 3520 sunt:
808 3456 921 3521 statim
944 3478 999 3522 me
1024 3479 1100 3542 per-

53 3553 139 3620 culso
168 3557 212 3621 ad
241 3577 356 3620 meum
384 3556 590 3643 sanguinem
619 3555 860 3631 hauriendum,
888 3568 921 3622 et
949 3557 1098 3643 spirante

53 3650 147 3720 etiam
166 3679 202 3721 re
223 3656 361 3742 publica
381 3657 424 3722 ad
447 3657 520 3744 ejus
545 3655 654 3743 spolia
679 3657 892 3722 detrahenda
917 3657 1100 3722 advolave-

53 3766 134 3818 runt.
183 3757 311 3822 Omitto
328 3757 584 3844 gratulationes,
598 3757 732 3841 epulas,
746 3747 960 3842 partitionem
974 3755 1097 3831 aerari,

53 3848 225 3935 beneficia,
244 3880 354 3942 spem,
376 3857 556 3942 promissa,
578 3857 756 3942 praedam,
780 3857 942 3922 laetitiam
972 3875 1099 3940 pauco-

55 3968 122 4019 rum
143 3957 175 4023 in
200 3959 293 4023 luctu
316 3946 481 4021 omnium,
530 3955 734 4021 Vexabatur
757 3978 845 4020 uxor
869 3976 968 4018 mea:
1001 3953 1099 4018 liberi

57 4051 105 4116 ad
116 4077 234 4124 necem
257 4058 529 4144 quaerebantur:
562 4078 682 4144 gener,
707 4067 741 4120 et
764 4053 845 4120 Piso
866 4075 976 4142 gener
998 4074 1017 4118 a
1041 4052 1100 4117 Pi·
