2572 4442
91 257 222 328 v1.12.]
315 255 409 346 They
431 257 520 324 leave
530 259 714 346 forseited
740 257 966 349 Citizensltip.
1100 273 1163 344 127

9 566 33 685 f
103 583 181 624 esse
211 582 292 645 poss
326 584 336 635 3
363 560 510 646 denique
527 561 639 646 ipsum
664 563 806 627 latorem
831 562 1057 655 Ξειῃῃρῃίᾳρ
1073 563 1163 651 legis

5 692 22 729 ῑ,·
92 660 204 747 jussu
230 661 350 745 populi
375 681 505 745 poenas
528 661 578 726 rei
602 633 1004 748 pub'li—c'ae'dependisse.
1064 663 1163 729 Idem

94 760 222 844 ipsum
248 760 449 847 Lentulum,
468 762 666 849 largitorem
688 775 721 827 et
737 764 934 851 prodigum,
960 785 1028 829 nou
1053 776 1161 849 putat,

96 881 188 925 cum
215 861 258 925 de
288 862 439 946 pernicie
465 862 582 947 populi
615 862 779 938 Romani,
807 864 911 928 exitio
942 863 1044 950 hujus
1069 864 1188 929 urbis'

7 1026 12 1030 ,
96 971 176 1024 tarn
213 962 351 1036 acerbe,
377 974 448 1026 tam
474 963 656 1026 crudeliter
675 962 845 1050 cogitarit,
869 961 970 1027 etiam
996 964 1161 1048 appellari

7 1050 23 1131 j
98 1083 210 1145 posse
228 1058 443 1146 popularem.
471 1061 592 1148 Itaque
609 1063 711 1127 homo
729 1062 925 1127 mitissimus
943 1074 1043 1149 atque
1060 1064 1163 1128 lenis·

98 1162 215 1226 simus
234 1183 302 1228 non
319 1163 450 1228 dubitat
462 1161 502 1225 P.
517 1161 703 1226 Lentulum
720 1163 866 1227 aeternis
883 1163 1031 1228 tenebris
1044 1163 1164 1228 vincu-

5 1254 17 1345 J
99 1262 219 1347 lisque
244 1263 424 1337 mandare,
442 1273 476 1326 et
499 1262 609 1327 sancit
629 1262 664 1325 in
687 1275 875 1348 posterum,
893 1285 936 1328 ne
960 1264 1037 1349 quis
1061 1263 1162 1352 hujus

100 1362 278 1447 supplicio
309 1363 457 1427 levando
482 1384 519 1427 se
539 1362 683 1450 jactare,
709 1362 800 1427 etin
825 1363 1012 1447 pemieiem
1044 1363 1162 1449 populi

101 1462 260 1526 Romani
281 1464 424 1547 posthac
441 1462 616 1547 popularis
640 1484 716 1527 esse
733 1462 861 1549 possit:
886 1463 1043 1550 adjungit
1059 1464 1162 1527 etiam

7 1612 17 1625 ..
100 1562 376 1647 publicationem
401 1562 583 1635 bonorum,
608 1573 645 1625 ut
667 1562 779 1626 omnis
804 1561 910 1625 animi
935 1562 1106 1626 cruciatus
1129 1572 1164 1628 et

7 1712 11 1718 .
100 1662 259 1747 corporis
283 1662 386 1727 etiam
410 1673 548 1750 egestas
573 1682 614 1725 ac
637 1661 840 1726 mendicitas
865 1671 1105 1746 consequatur.

149 1783 202 1826 vt.
229 1779 266 1825 11.
290 1761 407 1848 Quam
431 1762 476 1827 ob
501 1782 587 1836 rem,
608 1760 680 1825 sive
705 1763 771 1825 hoc
789 1762 984 1839 statueritis,
1000 1759 1161 1826 dederitis

5 1900 17 1935 4
102 1862 191 1927 mihi
216 1863 374 1928 comitem
400 1862 444 1926 ad
469 1861 662 1927 contionem
691 1847 820 1945 populo
842 1880 962 1924 carum
987 1870 1086 1946 atque
1106 1859 1162 1948 ju·

5 1952 21 2021 l
102 1963 279 2035 cundum3
297 1962 368 2027 sive
382 1960 494 2026 Silani
511 1959 679 2041 sententia
794 1959 828 2022 ui
847 1959 1046 2034 malueritis,
1058 1958 1161 2026 facile

5 2052 17 2121 f
103 2084 162 2125 me
183 2060 303 2148 [atque
325 2062 402 2148 vos]
423 2059 633 2125 crudelitatis
656 1978 1158 2144 viffililiobe‘exsolveritis,

5 2200 6 2237 3
103 2173 208 2247 atque
234 2161 394 2226 obtinebo
426 2181 503 2224 eam
530 2160 634 2223 multo
659 2159 824 2225 leniorem
850 2158 969 2224 fuisse.
1026 2157 1160 2247 Quam-

101 2283 223 2348 quam,
241 2271 354 2347 patres
378 2259 575 2344 conscripti,
595 2281 683 2346 quae
708 2272 909 2344 potestesse
934 2258 1068 2323 intanti
1086 2282 1159 2324 sce-

101 2362 184 2427 leris
208 2360 420 2425 immanitate
443 2360 618 2444 punienda
643 2357 849 2424 crudelitas?
896 2357 974 2446 Ego
999 2359 1090 2422 enim
1115 2360 1158 2424 de
1231 2376 1243 2389 ’

101 2483 182 2526 meo
202 2481 306 2525 sensu
326 2459 454 2547 judico.
503 2458 597 2524 Nam
615 2460 661 2524 ita
680 2459 761 2523 mihi
780 2460 876 2523 salva
892 2481 929 2523 re
945 2459 1083 2544 publica
1099 2481 1160 2523 vo·

100 2562 237 2627 biscum
254 2560 382 2646 perfrui
406 2560 520 2635 liceat,
536 2572 671 2672 Q,
690 2559 782 2645 quod
798 2559 833 2623 in
851 2559 917 2623 hac
933 2579 1038 2622 causa
1054 2558 1280 2647 rebe-aneni

102 2662 250 2727 mentior
274 2682 363 2736 sum,
381 2682 450 2725 non
474 2671 650 2725 atrocitate
675 2659 780 2722 animi
806 2658 1087 2744 moveor—quis
1107 2658 1225 2749 estet
1245 2638 1280 2695 'l

101 2762 196 2828 enim
218 2782 276 2846 ipe
301 2759 562 2825 mitior?—sed
578 2758 746 2845 singulari
773 2757 923 2843 quadam
945 2757 1157 2823 humanitate

100 2875 135 2928 et
153 2859 399 2930 misericordia.
425 2859 555 2923 Videor
568 2858 660 2923 enim
679 2857 762 2921 mihi
779 2857 895 2922 videre
912 2857 1003 2921 hanc
1020 2857 1154 2934 urbem,

102 2963 216 3027 lucem
235 2961 328 3026 orbis
352 2971 517 3023 terrarum
543 2971 643 3045 atque
668 2979 784 3023 arcem
807 2956 961 3024 omnium
985 2956 1154 3044 gentium,

83 3061 214 3129 .subito
238 3082 307 3124 uno
331 3058 491 3123 incendio
515 3060 767 3125 concidentem.
824 3057 940 3126 Cerno
965 3057 1080 3122 animo
1104 3080 1157 3123 se-

103 3161 198 3245 pulta
210 3160 245 3223 in
259 3159 370 3245 patria
383 3158 524 3224 miseros
539 3172 640 3247 atque
657 3161 845 3246 insepultos
863 3179 1004 3225 acervos
1017 3157 1154 3225 civium.

102 3260 269 3327 Versatur
293 3258 376 3321 mihi
401 3270 479 3323 ante
504 3260 622 3325 oculos
648 3273 806 3345 aspectus
831 3259 992 3348 Cethegi,
1011 3274 1044 3325 et
1063 3260 1157 3328 furor

103 3360 136 3425 in
154 3369 266 3424 vestra
291 3358 396 3423 caede
421 3359 632 3424 bacchantis.
678 3376 721 3424 12.
754 3360 845 3426 Cum
864 3383 945 3427 vero
971 3363 1054 3427 mihi
1078 3385 1158 3448 pro·

104 3459 200 3545 posui
217 3468 421 3546 regnantem
440 3458 639 3533 Lentulum,
658 3459 834 3545 sicutipse
859 3481 903 3525 ex
927 3461 1004 3528 fatis
1024 3485 1060 3528 se
1077 3486 1159 3549 spe·r
1179 3540 1185 3551 ,

104 3580 195 3623 rasse
220 3558 397 3624 consessus
422 3570 486 3632 est,
517 3570 723 3643 pupuratum
749 3580 823 3623 esse
848 3560 929 3646 QG
946 3546 1169 3638 Gabinianiis
1220 3574 1227 3581 ‘

105 3679 180 3722 cum
205 3659 358 3723 exercitu
382 3657 518 3723 venisse
552 3655 751 3732 Catilinam,
777 3669 848 3725 turn
877 3660 1153 3727 lamentationem

106 3766 249 3825 mbtrum
277 3748 528 3835 familiastum
557 3757 677 3842 fugam
706 3756 878 3844 virginum
906 3771 1007 3846 atque
1033 3782 1152 3844 puero·

105 3864 185 3923 ruiti·
201 3846 477 3923 mmmmm
501 3855 675 3943 virginum
692 3853 885 3921 Vestalium
910 3858 1154 3941 perhorresc03

107 3969 136 4024 et
158 3959 239 4047 quia
264 3956 350 4023 mihi
366 3957 588 4043 vehementer
613 3955 701 4022 haec
716 3956 875 4023 videntur
902 3956 1026 4022 misera
1052 3968 1154 4045 atque

15 470 26 543 l
98 471 225 525 autem
248 368 484 624 gigpublicae
494 459 695 543 fflostis,
714 482 794 526 eum
819 461 930 527 civem
948 462 1042 528 nullo
1062 463 1164 528 modo
