2722 4438
169 272 235 358 196
519 271 676 356 Defence
699 272 748 358 of
760 271 876 336 Milm
1115 267 1222 338 [Mffll

212 493 316 540 xxva
342 489 389 536 so.
411 471 501 536 Vide
518 492 620 558 quam
639 471 681 536 sit
693 470 788 539 varia
801 470 890 536 vitae
904 470 1223 557 commutabilisque

166 576 265 649 ratio,
293 594 397 660 quarn
422 591 514 658 vaga
545 571 771 657 volubilisque
802 571 949 646 fortuna,
979 583 1127 657 quantae
1148 571 1224 634 infi-

166 675 321 741 delitates
333 674 368 737 in
386 670 518 746 amicis,
532 691 634 757 quam
653 671 696 735 ad
713 682 847 755 tempus
861 683 961 755 aptae
974 670 1221 746 simulationes,

166 786 314 861 quantae
330 774 365 838 in
383 771 545 857 periculis
568 770 672 858 fugae
697 770 943 855 proximorum,
962 780 1111 855 quantae
1135 769 1224 833 timi·

166 877 299 941 ditates.
351 873 438 947 Erit,
459 871 522 936 erit
545 870 630 935 illud
654 870 805 955 profecto
822 880 968 954 tempus,
988 879 1021 932 et
1036 867 1224 934 inlucescet

167 975 352 1061 aliquando
380 974 437 1039 ille
466 972 553 1046 dies,
582 992 661 1035 cum
692 969 1010 1044 tu—salutaribus,
1038 979 1075 1032 ut
1106 989 1220 1052 spero,

167 1075 268 1139 rebus
288 1073 366 1149 tuis,
380 1073 440 1138 sed
461 1073 604 1137 sortasse
629 1082 721 1135 motu
747 1068 860 1156 aliquo
884 1066 1117 1134 communium
1138 1078 1223 1132 tem-

167 1196 301 1260 porum,
320 1173 498 1261 quiquam
515 1172 636 1237 crebro
653 1170 788 1236 accidat
804 1170 935 1256 experti
952 1168 1039 1234 scire
1056 1168 1223 1234 debemus

166 1286 254 1339 -et
278 1273 474 1339 amicissimi
498 1271 773 1338 benevolentiam
798 1281 831 1336 et
854 1268 1049 1359 gravissimi
1073 1268 1222 1333 hominis

167 1375 269 1439 fidem
286 1384 319 1439 et
335 1374 435 1438 unius
452 1386 527 1459 post
544 1373 702 1439 homines
719 1382 817 1437 natos
839 1369 1012 1437 fortissimi
1035 1367 1098 1433 viri
1124 1388 1222 1456 mag-

164 1474 354 1540 nitudinem
387 1474 492 1538 animi
510 1474 695 1539 desideres.
744 1491 791 1538 το.
816 1471 1038 1558 Quamquam
1054 1468 1131 1555 quis
1156 1470 1223 1535 hoc

166 1575 295 1649 credat,
314 1572 380 1640 Cn.
400 1574 617 1659 Pompeium,
632 1574 719 1661 juris
751 1572 891 1660 publici,
914 1570 1017 1636 moris
1037 1569 1220 1658 majorum,

166 1674 215 1738 rei
232 1674 379 1760 denique
396 1674 554 1758 publicae
571 1674 827 1758 peritissimum,
842 1694 921 1738 cum
934 1682 1072 1737 senatus
1084 1669 1117 1735 ei
1131 1691 1222 1735 com-

166 1773 294 1838 miserit
318 1785 354 1838 ut
368 1774 498 1838 videret
521 1772 582 1838 Ne
598 1774 686 1858 quid
699 1794 754 1837 res
764 1774 909 1861 publica
925 1770 1129 1836 detrimenti
1141 1776 1223 1857 cap·

166 1883 240 1938 eret
262 1874 347 1960 (quo
366 1894 435 1938 uno
456 1873 625 1938 versiculo
648 1874 730 1938 satis
757 1873 878 1955 armati
903 1893 1038 1956 semper
1061 1871 1221 1936 consules

166 1974 314 2048 fuerunt,
332 1972 433 2037 etiam
451 1974 553 2038 nullis
571 1973 674 2038 armis
692 1973 814 2061 datis),
834 1975 927 2038 hunc
943 1971 1110 2048 exercitu,
1128 1972 1223 2037 hunc

166 2073 292 2138 dilectu
319 2073 410 2147 dato,
437 2071 604 2159 judicium
633 2085 911 2157 exspectaturum
943 2072 1048 2137 suisse
1079 2072 1116 2136 in
1147 2072 1222 2160 ejus

164 2171 317 2236 consiliis
331 2171 560 2245 vindicandis,
579 2172 683 2257 quivi
696 2172 827 2260 judicia
843 2173 919 2258 ipsa
935 2170 1089 2238 tolleret?
1129 2171 1223 2237 Satis

174 2271 372 2358 judicatum.
385 2282 435 2335 est
454 2292 474 2335 a
497 2270 676 2356 Pompeio,
699 2272 793 2349 satiS,
815 2273 902 2339 salso
926 2273 990 2338 ista
1014 2272 1163 2337 conferri
1187 2273 1222 2337 in

166 2370 348 2446 Milonem,
366 2369 422 2456 qui
440 2371 554 2458 legem
570 2371 657 2446 tulit,
675 2392 757 2457 qua,
775 2383 813 2437 ut
828 2394 895 2460 ego
911 2371 1032 2449 sentio,
1051 2370 1222 2437 Milonem

81 2539 85 2547 ¹
166 2469 297 2534 absolvi
314 2492 334 2534 a
350 2470 447 2535 vobis
463 2481 643 2555 oporteret,
663 2483 699 2536 ut
714 2494 835 2537 omnes
855 2474 1069 2549 confitentur,
1089 2473 1219 2538 liceret.

78 2643 81 2648 ¹
165 2585 206 2633 71.
231 2567 335 2653 Quod
351 2592 431 2636 vero
448 2570 482 2634 in
498 2570 557 2636 illo
573 2571 649 2636 loco
666 2582 768 2659 atque
791 2573 858 2638 illis
883 2573 1097 2658 publicorum
1122 2595 1223 2658 prae·

167 2669 329 2735 sidiorum
347 2670 453 2756 copiis
469 2668 696 2736 circumtusus
712 2673 820 2748 sedet,
834 2674 915 2739 satis
933 2674 1085 2739 declarat
1101 2695 1139 2740 se
1152 2696 1221 2740 non

166 2783 327 2834 terrorem
345 2769 469 2834 inferre
484 2771 635 2835 vobis—
646 2772 728 2858 quid
745 2773 835 2837 enim
852 2774 966 2839 minus
990 2774 1050 2839 illo
1073 2774 1228 2863 dignum

166 2891 270 2956 quam
296 2890 421 2956 cogere
445 2879 482 2934 ut
506 2892 567 2935 vos
593 2891 671 2935 eum
700 2874 946 2950 condemnetis,
965 2874 1001 2938 in
1022 2896 1126 2961 quem
1149 2876 1220 2939 ani·

167 2970 378 3034 madvertere
406 2968 480 3054 ipse
506 2980 539 3034 et
563 2992 659 3036 more
681 2973 850 3060 majorum
866 2986 899 3038 et
915 2994 977 3039 suo
990 2974 1066 3062 jure
1083 2973 1221 3062 posset?

167 3070 227 3134 sed
255 3067 425 3153 praesidio
453 3090 543 3144 esse,
572 3080 609 3134 ut
636 3070 842 3160 intellegatis
875 3085 992 3139 contra
1023 3075 1227 3139 hesternam

166 3168 260 3231 illam
296 3168 488 3233 contionem
522 3169 626 3235 licere
663 3172 760 3237 vobis
797 3173 888 3259 quod
925 3173 1077 3240 sentiatis
1114 3175 1230 3241 libere

172 3266 336 3353 judicare.

211 3386 327 3431 xxvu.
353 3385 400 3433 ta.
424 3368 502 3435 Nec
517 3392 599 3436 vero
615 3393 683 3449 me,
698 3372 846 3460 judiceS,
864 3372 1072 3439 Clodianum
1089 3373 1235 3439 crimen

167 3477 291 3542 movet,
322 3490 387 3533 nec
417 3480 488 3534 tam
519 3492 596 3536 sum
624 3472 767 3537 demens
794 3484 932 3559 tamque
963 3475 1067 3541 vestri
1097 3494 1232 3539 sensus

166 3565 308 3652 ignarus
326 3580 426 3654 atque
444 3592 580 3656 expem,
599 3583 635 3635 ut
651 3572 803 3637 nesciam
823 3573 905 3659 quid
922 3574 964 3638 de
985 3585 1092 3638 morte
1117 3572 1237 3638 Clodi

167 3665 331 3732 sentiatis.
362 3668 414 3733 De
431 3691 512 3756 qua,
530 3670 558 3736 si
579 3671 652 3759 jam
668 3673 795 3737 nollem
812 3666 858 3737 ita
874 3672 1005 3738 diluere
1022 3673 1161 3745 crimen,
1178 3685 1242 3738 ut

166 3766 263 3842 dilui,
282 3779 399 3832 tamen
415 3769 555 3854 impune
572 3770 696 3835 Miloni
713 3773 829 3856 palam
846 3773 997 3836 clamare
1019 3792 1061 3837 ac
1085 3770 1241 3837 mentiri

167 3867 316 3952 gloriose
329 3867 467 3932 liceret:
492 3869 649 3944 ‘Occidi
665 3871 787 3946 occidi,
802 3893 871 3936 non
884 3870 947 3956 Sp.
963 3871 1141 3942 Maelium,
1152 3873 1243 3954 qui

168 3986 305 4030 annona
329 3966 475 4031 levanda
496 3966 704 4054 jacturisque
729 3970 778 4034 rei
801 3969 991 4048 familiaris,
1012 3972 1091 4059 quia
1115 3967 1248 4038 nimis
