2572 4442
88 267 150 338 1·1·l
219 266 320 333 How
342 268 398 334 the
427 268 642 358 Conspiracy
665 292 738 335 was
760 272 980 359 suppressed.
1061 290 1128 361 109

13 492 15 539 5
83 468 161 535 duce
182 478 214 532 et
238 467 446 554 imperatore
471 491 507 535 se
552 480 619 536 tur.
670 469 775 555 Quod
798 492 866 560 ego
889 472 940 538 sic
963 472 1128 539 adminis-

13 590 14 593 ’
81 559 179 644 traho,
198 567 369 653 Qirites,
388 581 436 645 ut,
454 570 483 635 si
499 591 521 634 u
548 593 569 636 ο
586 571 687 638 modo
704 571 777 636 fieri
793 572 926 657 poterit,
941 595 985 638 ne
1001 573 1128 658 impro-

13 694 14 763 ᾗ
79 669 135 735 bus
149 669 293 754 quidem
310 670 492 756 quisquam
509 670 544 734 in
562 671 628 736 hac
644 671 728 736 urbe
745 693 893 757 poenam
910 672 963 737 sui
986 673 1127 738 sceleris

79 767 223 832 sufferat.
276 768 349 835 Sed
378 770 407 833 si
434 769 487 834 vis
511 770 713 839 manifestae
738 771 919 845 audaciae,
942 772 971 837 si
995 772 1128 857 impen-

78 868 154 931 dens
177 869 315 953 patriae
340 867 531 955 periculum
557 890 612 934 me
636 869 832 935 necessario
855 871 899 935 de
927 871 995 935 hac
1021 870 1127 935 animi

78 967 207 1033 lenitate
237 969 433 1043 deduxerit,
462 967 548 1032 illud
575 968 728 1053 profecto
755 969 946 1056 perficiam,
971 970 1065 1056 quod
1091 970 1128 1034 in

13 1122 14 1135 ,
76 1079 160 1132 tanto
184 1079 220 1132 et
244 1080 319 1132 tam
341 1068 506 1133 insidioso
529 1067 621 1134 bello
642 1067 701 1132 vix
719 1070 909 1154 optandum
927 1068 1074 1145 videtur,
1092 1080 1129 1134 ut

13 1156 15 1243 ἱ
77 1186 179 1252 neque
203 1167 321 1233 bonus
344 1168 528 1254 quisquam
551 1167 705 1243 intereat,
729 1189 987 1256 paucorumque
1015 1189 1128 1255 poene

76 1285 129 1329 vos
147 1287 274 1333 omnes
295 1268 382 1332 salvi
401 1288 477 1332 esse
501 1266 650 1354 possitis.
698 1283 746 1331 πο.
771 1265 874 1354 Quae
897 1269 1036 1357 quidem
1060 1290 1128 1356 ego

77 1383 179 1449 neque
209 1387 293 1433 mea
320 1389 384 1452 pru
431 1367 502 1432 ntia
526 1387 638 1454 neque
662 1367 823 1433 humanis
847 1368 998 1434 consiliis
1022 1368 1128 1434 fretus

75 1465 234 1546 polliceor
250 1468 364 1547 vobis
421 1466 549 1551 cuites,
568 1467 629 1533 sed
646 1467 759 1532 multis
776 1480 810 1533 et
825 1458 893 1533 non
910 1468 1023 1534 dubiis
1046 1469 1130 1534 deo·

76 1583 143 1628 rum
159 1565 410 1632 immortalium
427 1566 748 1655 significationibus,
763 1567 887 1653 quibus
900 1590 967 1655 ego
983 1569 1128 1634 ducibus

76 1660 212 1745 inhanc
229 1688 331 1752 spem
351 1667 623 1753 sententiamque
644 1689 721 1733 sum
745 1667 944 1754 ingressus;
976 1667 1034 1754 qui
1054 1668 1128 1756 jam

13 1766 14 1821 l
76 1783 137 1828 non
163 1768 304 1850 procul,
331 1777 368 1831 ut
394 1768 569 1853 quondam
597 1768 765 1871 Q,
790 1767 834 1831 ab
861 1778 1003 1831 externo
1031 1768 1128 1832 hoste

76 1873 168 1949 atque
193 1867 400 1993 ΙΨ,
420 1866 481 1932 sed
503 1866 560 1932 hic
576 1878 773 1953 praesentes
790 1887 852 1931 suo
868 1866 1009 1931 numine
1026 1879 1129 1954 atque

77 1964 199 2031 anxilio
216 1987 284 2032 sua
300 1967 427 2051 templa
445 1979 547 2053 atque
564 1967 657 2031 urbis
674 1978 762 2031 tecta
779 1966 978 2032 defendunt.
1029 1967 1127 2052 Qos

76 2081 141 2138 vos,
161 2064 334 2149 Quirites,
352 2066 500 2151 precari,
518 2066 688 2142 venerari,
707 2067 892 2153 implorare
913 2067 1058 2144 debetis,
1077 2080 1125 2144 ut,
1225 2124 1228 2131 .

77 2181 171 2246 quarn
190 2167 314 2232 urbem
329 2166 596 2252 pulcherrimam
610 2166 954 2254 florentissimamque
967 2190 1043 2234 esse
1056 2171 1127 2234 vol·

77 2278 204 2343 nerunt,
233 2268 338 2343 hanc,
363 2267 523 2332 omnibus
551 2268 699 2335 hostium
728 2268 835 2355 copiis
858 2279 948 2334 terra
972 2269 1128 2356 marique

13 2374 14 2403 ³
78 2368 255 2448 superatio,
286 2387 308 2432 a
338 2366 646 2454 perditissimorum
666 2367 804 2471 qivium
834 2369 966 2435 nefario
997 2371 1126 2437 scelere

78 2461 196 2535 resen
578 2518 591 2557 ,
677 2459 847 2527 mm...
881 2492 888 2505 κ
918 2488 941 2497 ··
1131 2486 1159 2549 ;·
1224 2456 1230 2469 ’

519 2540 543 2620 6
584 2556 718 2625 ΗΜΛ
1000 2576 1004 2581 ·
1064 2566 1090 2599 Ὺ

188 2787 226 2852 3.
255 2766 351 2834 How
373 2767 431 2833 the
459 2765 673 2856 Conspz'racy
696 2732 769 2832 whs
792 2726 1012 2858 suppressas.
1088 2728 1116 2819 'l

402 2912 501 2962 Before
514 2912 561 2961 the
573 2911 684 2976 People,
698 2911 766 2963 Dec.
777 2926 802 2978 3.

118 3032 197 3090 Now
217 3034 277 3088 that
296 3030 415 3088 Catillne
434 3033 490 3087 had
508 3033 579 3088 been
596 3033 693 3088 driven
707 3034 766 3089 into
779 3051 853 3105 open
866 3052 929 3102 war,
944 3035 991 3091 the
1004 3034 1129 3104 conspir-

78 3135 126 3192 acy
137 3126 236 3180 within
249 3125 296 3178 the
313 3126 370 3195 city
383 3141 440 3178 was
458 3125 487 3176 in
506 3124 553 3178 the
572 3125 662 3178 hands
681 3124 714 3179 of
728 3116 835 3198 utterly'
847 3127 1037 3193 incompetent
1056 3142 1126 3178 men.

82 3210 221 3282 Lentulus,
235 3215 298 3269 who
311 3214 429 3269 claimed
442 3215 490 3269 the
503 3215 566 3268 lead
578 3215 616 3287 by
629 3216 718 3270 virtue
730 3215 763 3268 of
778 3217 821 3268 his
835 3216 965 3270 consular
980 3216 1057 3283 rank,
1071 3233 1128 3269 was

80 3304 147 3371 vain,
160 3321 308 3376 pommus,
325 3305 380 3358 and
399 3305 557 3360 inefficient.
595 3306 658 3360 The
677 3315 745 3360 next
762 3307 791 3359 in
809 3307 887 3372 rank,
905 3307 1055 3377 Cethegus,
1071 3325 1127 3361 was

82 3398 218 3467 euergetic
240 3396 361 3467 enough,
380 3395 431 3450 but
450 3398 516 3449 rash
535 3396 590 3450 and
609 3397 804 3466 bloodthirsty.
842 3397 903 3450 The
923 3399 1022 3451 consul
1041 3400 1129 3470 easily

83 3479 143 3552 kept
157 3489 204 3541 the
220 3503 273 3540 run
289 3486 322 3540 of
336 3497 442 3554 events,
456 3487 513 3540 and
525 3496 555 3541 at
570 3487 626 3541 last
645 3485 803 3539 succeeded
821 3487 850 3539 in
872 3489 980 3559 getting
1001 3489 1077 3542 them
1099 3498 1129 3542 to

85 3578 190 3633 commit
208 3577 379 3632 themselves
398 3578 427 3629 in
442 3578 559 3647 writing,
578 3577 659 3630 when
678 3575 714 3630 he
728 3575 784 3630 had
797 3593 833 3631 no
846 3577 980 3651 difficulty
992 3580 1021 3632 in
1034 3596 1128 3633 secur-

85 3659 128 3734 ing
143 3668 189 3722 the
204 3668 380 3734 documents,
394 3666 450 3720 and
465 3666 605 3738 arresting
617 3668 664 3720 the
678 3682 746 3720 cons
767 3668 876 3723 irators.
915 3671 988 3723 How
1001 3670 1057 3723 this
1070 3685 1127 3722 was

16 3780 18 3787 ⁴
86 3759 284 3828 accomplished
297 3760 321 3812 is
335 3758 393 3811 told
406 3758 435 3810 in
448 3758 495 3811 the
508 3757 582 3811 third
594 3758 712 3811 oration.
731 3684 766 3834 ἐ
949 3766 980 3817 Α,
1006 3812 1009 3817 ⁴
1028 3762 1065 3819 ιθ
1077 3742 1132 3827 ,⁵7
1151 3746 1170 3815 's

125 3868 532 3940 1.1.Rnn11>nacrcnn,
567 3865 734 3959 QEiES’
766 3868 939 3956 vitamque
973 3854 1178 3949 omniumr-t
1204 3900 1229 3951 2
1271 3922 1272 3925 ,

88 3978 239 4045 vestrum,
261 3968 364 4044 bona,
386 3967 552 4043 fortunas,
575 3965 740 4056 conjuges
765 3968 957 4054 liberosque
980 3978 1123 4043 vestroe,

748 3798 819 3837 aab,
856 3806 878 3826 u·
910 3808 933 3833 α
