2760 4448
206 260 254 348 '54
355 242 358 249 ¹
488 258 746 347 Irrrpeaclrrnent
769 258 818 345 os
839 257 978 325 Verres.
1084 248 1196 318 [Vena.
1209 257 1259 312 Vl.

209 460 327 525 litteris
347 458 491 537 Gavius,
513 461 579 525 hoc
598 461 730 548 fingere
750 470 783 524 et
801 459 931 548 eligere
952 480 1097 534 nornen,
1119 469 1156 523 ut
1174 459 1265 524 hunc

209 559 306 624 illum
322 582 397 625 esse
414 561 542 645 possim
560 561 694 634 dicere3
720 561 780 625 sed
798 561 841 625 ad
858 559 1039 625 arbitrium
1057 572 1154 624 tuum
1174 559 1264 624 testis

210 659 312 735 dabo,
330 660 388 745 qui
408 660 510 725 istum
531 660 644 744 ipsum
669 659 852 746 Syracusis
876 660 937 724 abs
963 670 998 723 te
1023 660 1060 722 in
1084 658 1265 722 lautumias

210 760 400 848 conjectum
429 781 504 824 esse
532 758 660 824 dicant.
717 758 911 824 Producam
936 759 1043 825 etiarn
1070 757 1263 832 Consanos,

185 845 190 853 ⁴
209 860 400 946 municipes
416 859 507 924 illius
524 880 565 924 ac
581 859 806 933 necessarios,
825 859 882 944 qui
900 872 932 924 te
950 880 1047 924 nunc
1065 880 1143 923 sero
1168 859 1266 921 doce·

210 970 280 1035 ant,
305 960 441 1048 judices
469 981 537 1024 non
566 980 654 1034 sero,
676 958 772 1022 illum
796 958 837 1024 Ρ.
863 959 1030 1034 Gavium,
1053 978 1157 1044 quem
1179 969 1213 1020 tu
1231 956 1265 1021 in

210 1079 348 1124 crucem
372 1059 485 1146 egisti,
511 1059 622 1123 civem
646 1058 846 1123 Romanum
870 1070 904 1124 et
931 1058 1148 1143 municipem
1176 1054 1265 1121 Con·

210 1179 345 1234 sanum,
364 1179 432 1222 non
449 1158 696 1243 speculatorem
714 1158 934 1244 fugitivorum
951 1159 1075 1223 luisse.

255 1278 357 1322 Lxrv.
381 1271 410 1318 9·
434 1256 523 1322 Cum
541 1259 628 1322 haec
643 1258 772 1333 omnia,
787 1279 877 1344 quae
893 1259 1075 1343 polliceor,
1094 1256 1265 1323 cumulate

208 1357 276 1423 tuis
306 1357 457 1444 patronis
488 1358 593 1443 plana
620 1356 747 1434 fecero,
769 1369 841 1422 tum
868 1358 955 1423 istuc
983 1358 1101 1444 ipsum
1130 1356 1263 1429 tenebo,

209 1458 301 1543 quod
318 1459 379 1522 abs
396 1469 427 1522 te
444 1457 527 1520 mihi
544 1459 663 1521 datur:
689 1478 731 1522 eo
748 1469 943 1523 contentum
961 1480 1017 1523 me
1035 1479 1114 1522 esse
1138 1457 1262 1521 dicam.

140 1592 143 1597 ,
211 1557 305 1644 Quid
322 1558 413 1622 enim
430 1579 540 1643 nuper
555 1569 590 1621 tu
606 1557 692 1641 ipse,
712 1578 789 1621 cum
808 1559 923 1644 populi
941 1558 1099 1624 Romani
1116 1558 1264 1621 clamore
1288 1610 1291 1614 .

210 1670 310 1744 atque
328 1658 455 1743 impetu
470 1658 684 1742 perturbatus
697 1657 875 1733 exsiluisti,
888 1658 983 1744 quid,
999 1659 1160 1745 inquam,
1175 1657 1264 1720 locu-

209 1769 262 1823 tus
279 1757 338 1822 es?
384 1758 499 1833 Illum,
517 1757 609 1843 quod
628 1779 759 1822 moram
782 1758 951 1842 supplicio
974 1767 1171 1843 quaereret,
1191 1752 1265 1819 ideo

210 1858 403 1924 clamitasse
421 1880 457 1922 se
475 1879 549 1922 esse
567 1857 677 1921 civem
695 1857 906 1933 Romanum,
925 1858 986 1923 sed
1011 1858 1263 1944 speculatorem

137 1946 141 1955 ’
210 1957 326 2022 suisse.
371 1957 449 2043 Jam
475 1957 542 2021 mei
569 1967 671 2021 testes
698 1956 769 2020 veri
798 1969 887 2022 sunt.
937 1956 1034 2041 Quid
1064 1958 1159 2022 enim
1187 1953 1265 2021 dicit

210 2057 304 2121 aliud
320 2056 363 2122 C.
382 2055 618 2121 Numitorius?
649 2055 731 2142 quid
748 2054 800 2120 M.
820 2068 854 2121 et
869 2057 906 2121 P.
924 2056 1044 2135 Cottii,
1063 2052 1264 2124 nobilissimi

210 2157 378 2232 homines,
398 2177 442 2221 ex
458 2178 543 2243 agro
559 2156 875 2223 Tauromenitano?
907 2157 990 2243 quid
1007 2157 1064 2242 Q
1078 2155 1262 2227 Lucceius,
1279 2206 1283 2212 i

210 2257 268 2343 qui
293 2257 523 2344 argentariam
548 2256 653 2343 Regii
678 2257 867 2321 maximam
890 2256 991 2322 fecit?
1028 2259 1117 2345 quid
1141 2251 1263 2321 ceteri?

147 2372 155 2389 ’
209 2357 337 2421 Adhuc
365 2356 456 2421 enim
480 2366 582 2421 testes
605 2377 649 2420 ex
672 2378 713 2422 eo
737 2378 865 2444 genere
888 2378 980 2422 ame
997 2371 1078 2423 sunt
1093 2357 1177 2432 dati,
1196 2374 1263 2420 non

210 2457 268 2544 qui
296 2456 431 2522 novisse
461 2456 623 2531 Gavium,
642 2457 703 2521 sed
729 2478 766 2521 se
791 2456 918 2522 vidisse
937 2457 1105 2535 dicerent,
1125 2478 1204 2523 cum
1220 2454 1259 2528 is,

210 2557 268 2645 qui
285 2577 322 2622 se
339 2556 448 2621 civem
466 2555 666 2620 Romanum
683 2577 759 2621 esse
776 2557 953 2633 clamaret,
971 2558 1006 2622 in
1023 2579 1165 2624 crucem
1183 2575 1262 2642 age·

210 2669 313 2722 retur.
364 2656 441 2720 Hoc
460 2667 509 2730 tu,
527 2654 667 2730 Verres,
689 2655 782 2720 idem
801 2656 907 2731 dicis3
940 2659 1006 2723 hoc
1030 2668 1067 2722 tu
1092 2654 1261 2724 confiteris

210 2759 304 2824 illum
334 2756 542 2833 clamitasse,
563 2777 600 2821 se
624 2756 734 2820 civem
759 2777 834 2820 esse
858 2756 1078 2832 Romanum;
1114 2756 1206 2843 apud
1230 2765 1260 2818 te

210 2880 335 2925 nomen
361 2858 505 2923 civitatis
525 2878 570 2922 ne
592 2868 722 2922 tantum
739 2856 879 2942 quidem
894 2858 1057 2933 valuisse,
1075 2871 1114 2924 ut
1131 2857 1260 2924 dubita·

209 2960 335 3025 tionem
363 2958 513 3043 aliquam
543 2957 665 3031 crucis,
688 2966 729 3053 ut
756 2956 983 3021 crudelissimi
1007 2957 1258 3041 taeterrimique

210 3057 356 3146 supplici
373 3058 523 3143 aliquam
541 3077 683 3141 parvam
701 3076 831 3121 moram
844 3058 965 3122 saltem
983 3069 1098 3142 posset
1111 3058 1255 3123 adferre.

253 3176 297 3222 ιο.
322 3158 400 3223 Hoc
411 3169 524 3231 teneo,
540 3155 596 3220 hic
609 3155 747 3231 haereo,
759 3155 906 3244 judices.
941 3156 1020 3222 Hoc
1031 3162 1108 3223 suin
1122 3169 1257 3224 conten-

209 3269 263 3325 tus
286 3280 375 3333 un03
407 3257 524 3322 omitto
554 3276 596 3320 ac
623 3255 773 3343 neglego
800 3269 935 3331 cetera;
960 3279 1023 3322 sua
1045 3259 1256 3324 consessione

209 3359 370 3424 induatur
394 3376 435 3420 ac
455 3356 631 3444 juguletur
650 3376 791 3421 necesse
815 3368 878 3421 est.
928 3356 999 3441 Qui
1017 3371 1106 3423 esset
1121 3360 1255 3445 ignora·

209 3459 293 3531 bas3
314 3457 564 3542 speculatorem
581 3477 657 3522 esse
670 3455 903 3540 suspicabare.
952 3455 1033 3521 Non
1046 3479 1173 3543 quaero
1190 3473 1254 3540 qua

210 3556 418 3655 suspitione:
442 3567 499 3620 tua
516 3567 547 3621 te
565 3577 690 3622 accuso
706 3555 870 3621 oratione.
920 3554 1042 3621 Civem
1059 3557 1254 3623 Romanum

211 3678 247 3722 se
272 3678 347 3722 esse
371 3656 519 3722 dicebat.
568 3655 607 3721 Si
630 3668 678 3731 tn,
701 3657 793 3740 apud
817 3655 941 3720 Persas
966 3669 1023 3721 aut
1046 3658 1079 3721 in
1105 3669 1254 3721 extrema

211 3757 310 3822 India
338 3757 586 3841 deprehensus
609 3755 749 3827 Verres,
777 3756 821 3820 ad
848 3757 1054 3840 supplicium
1079 3757 1251 3824 ducerere,

211 3858 292 3943 quid
315 3857 408 3921 aliud
432 3856 639 3930 clamitares,
658 3856 722 3920 nisi
745 3867 778 3920 te
802 3855 911 3920 civem
937 3877 1012 3922 esse
1036 3847 1253 3922 Romanurn?

211 3956 267 4033 Et,
291 3956 319 4022 si
340 3956 400 4020 tibi
425 3955 542 4042 ignoto
569 3956 659 4040 apud
679 3955 827 4042 ignotos,
851 3956 943 4041 apud
966 3957 1143 4032 barbaros,
1166 3948 1253 4040 apud
