2760 4448
141 294 166 333 11.
182 279 215 350 5.]
419 278 490 346 The
511 280 738 347 Mthridatic
772 280 865 348 War.

49 330 65 449 s.

134 480 251 546 heretis.
299 480 406 547 Nunc
429 492 565 551 cum'et
589 482 796 578 auc-mritatis
819 483 855 548 in
879 505 933 549 me
956 494 1088 550 tantum
1109 483 1152 550 sit

131 592 279 667 quantum
301 603 366 647 vos
393 582 578 648 honoribus
606 576 812 649 r'fiahdandis
840 606 916 649 esse
942 531 1168 660 voluistis&
1204 619 1209 629 ·

129 681 165 743 ad
186 681 361 768 agendum
384 680 553 746 facultatis
576 693 721 757 tantum,
740 693 905 769 quantum
930 683 1059 748 homini
1078 682 1166 771 vigi-

127 779 197 843 lanti
212 801 254 844 ex
271 780 401 845 sorensi
417 802 481 845 usu
498 802 605 866 prope
621 782 793 847 cotidiana
809 782 945 847 dicendi
969 783 1166 849 exercitatio

125 854 500 963 mtuitTdTeTreTcerte
520 891 554 944 et
572 880 600 945 si
624 881 706 966 quid
731 881 938 947 auctoritatis
961 881 997 946 in
1021 902 1077 946 me
1100 893 1163 957 est,

125 978 204 1062 apud
226 1000 286 1044 eos
310 991 390 1064 u-tar
412 980 471 1067 qui
495 1000 573 1044 eam
597 980 681 1044 mihi
705 981 885 1056 dederunt,
908 993 942 1046 et
965 981 993 1047 si
1021 981 1104 1068 quid
1130 981 1165 1046 in

47 1153 52 1161 q
124 1077 255 1143 dicendo
284 1069 451 1166 co'ffs'equi
479 1100 632 1165 possum,
658 1079 708 1145 eis
734 1082 912 1146 ostendam
936 1080 1164 1167 potissimum,

116 1168 171 1262 ‘qui
185 1176 215 1242 ei
231 1199 372 1265 quoque
388 1179 438 1243 rei
457 1179 604 1244 fructum
624 1200 687 1245 suo
702 1179 833 1268 judicio
852 1180 1069 1246 tribuendum
1089 1201 1166 1246 esse

46 1257 306 1363 huffduxerunto
343 1293 373 1341 ³.
396 1277 511 1364 Atque
538 1277 624 1344 illud
652 1279 688 1343 in
716 1279 835 1365 primis
897 1280 903 1293 '
934 1280 941 1294 ‘
967 1280 1166 1371 laeethhm

126 1374 193 1461 jure
208 1398 285 1443 esse
302 1379 419 1454 video,
438 1377 530 1464 quod
545 1377 581 1442 in
599 1379 666 1443 hac
682 1378 817 1475 iri-solita
835 1402 879 1444 mr
908 1402 917 1443 1
935 1401 980 1445 ex
998 1366 1065 1445 hoc
1085 1381 1165 1446 Ioco

82 1481 86 1490 '
121 1475 238 1541 ratione
262 1478 405 1543 dicendi
421 1498 526 1543 causa
541 1478 619 1543 talis
635 1475 829 1569 ohlaa‘tffe‘sh
847 1480 882 1544 in
898 1501 967 1566 qua
983 1480 1090 1546 oratio
1106 1481 1166 1545 de·

122 1594 186 1638 esse
201 1577 331 1641 nemin'
351 1578 469 1691 Qu·
519 1577 714 1642 Dicendiim
731 1574 783 1643 est
798 1579 890 1643 enim
909 1581 953 1645 de
977 1577 1044 1645 Cn.
1064 1578 1166 1644 Pom·

121 1674 165 1757 pei
181 1675 283 1764 singu
300 1677 353 1742 ari
369 1677 564 1765 emm-iaque
579 1678 722 1741 virtute:
747 1679 848 1764 hujus
871 1689 985 1743 autem
1003 1678 1166 1744 orationis

122 1773 280 1938 Q
308 1787 360 1842 est
380 1774 511 1841 'e'xitiihr
535 1798 640 1863 quam
664 1776 870 1863 principium
898 1777 1064 1843 invenire.
1114 1777 1166 1843 Ita

121 1895 159 1936 mr
184 1898 279 1941 rnon
298 1888 371 1942 tam
388 1877 487 1962 copia
504 1896 608 1963 quam
625 1878 749 1941 modus
769 1877 804 1941 in
828 1876 974 1943 dicendo
998 1897 1167 1964 quaeren-

121 1972 174 2038 dus
189 1987 250 2042 est.

157 2094 191 2138 11.
215 2090 244 2137 4.
267 2078 499 2165 Atque,—ut
511 2076 591 2141 inde
603 2077 710 2142 oratio
724 2099 800 2143 mea
813 2077 1060 2173 proficiscami,
1072 2079 1165 2145 unde

122 2171 196 2239 haec
210 2177 327 2242 omnis
344 2197 450 2242 causa
467 2176 613 2253 ducitur,
625 2177 807 2242 -bellum
825 2184 931 2265 gffve
943 2152 1284 2264 erpericuloffii·

121 2292 185 2338 sum
201 2278 326 2343 vestris
342 2277 430 2341 vecti
460 2276 570 2341 alibus
587 2296 629 2340 ac
645 2277 747 2342 sociis
772 2297 793 2342 a
817 2278 950 2361 Quobus
974 2278 1165 2364 potentissi-

122 2372 176 2455 mis
197 2379 342 2467 regibus
365 2398 434 2441 ine
468 2398 520 2450 ur,
544 2374 744 2441 Mithridate
769 2388 802 2442 et
824 2364 994 2476 Tigrahg
1019 2399 1164 2464 quorum

122 2473 194 2538 alter
208 2479 362 2553 relictus,
378 2478 463 2555 alter
479 2442 909 2553 lacefficasionem'
921 2476 986 2542 sssii
1001 2479 1048 2542 ad
1063 2499 1166 2542 occu·

122 2577 259 2655 pandam
286 2575 410 2642 Asiam
433 2576 583 2641 oblatam
607 2597 684 2642 esse
708 2576 926 2641 arbitrantur.
984 2576 1165 2663 Equitibus

122 2668 294 2754 Romame,
314 2675 561 2742 honestissimis
577 2676 672 2750 viris,
693 2676 892 2756 adseruntur
911 2698 956 2741 ex
972 2673 1058 2741 Asia
1083 2678 1164 2742 coti·

122 2771 167 2837 die
193 2778 340 2854 litterae,
369 2798 514 2864 quorum
542 2796 693 2862 magnae
721 2797 776 2841 res
805 2787 954 2863 aguntur
980 2778 1016 2840 in
1044 2777 1165 2843 vestris

121 2876 196 2940 vecti
223 2879 338 2943 atibus
386 2875 548 2942 xercendi
598 2883 809 2959 occupatae:
849 2874 907 2960 qui
936 2875 980 2939 ad
1008 2895 1076 2949 me,
1102 2897 1164 2960 pro

122 2896 583 3063 nfflhffiii
608 2983 660 3040 est
683 2994 762 3038 cum
785 2973 844 3038 illo
867 2973 999 3049 ordine,
1022 2994 1163 3039 causam

122 3073 162 3136 rei
187 3077 347 3161 publicae
379 3076 600 3163 periculaque
620 3095 746 3139 rerum
778 3095 918 3139 suarum
950 3074 1163 3139 detulerunt=

122 3173 239 3243 &Bith
268 3178 299 3242 n'
349 3197 473 3264 ,quae
501 3197 593 3262 huuc
624 3187 736 3239 vestra
768 3173 944 3260 provincia
977 3184 1040 3249 est,
1069 3172 1164 3241 vicos
1194 3168 1278 3320 74

122 3290 196 3340 exus
209 3300 249 3344 os
274 3298 349 3342 esse
377 3276 584 3362 compluris3
616 3295 763 3362 regnum
786 3271 1044 3369 Ammonis,
1070 3275 1163 3360 quod

123 3369 291 3442 finitimum
308 3388 360 3442 est
374 3376 495 3441 vestris
511 3375 751 3462 vectigalibus,
769 3366 874 3438 totu'fn
900 3366 975 3440 esse
1000 3370 1035 3439 in
1059 3375 1164 3440 hosti·

42 3532 43 3537 ,
123 3487 170 3537 um
186 3488 350 3562 potestate
363 3498 371 3550 ;
392 3474 648 3563 QQEUOE’
665 3473 801 3561 magnis
816 3474 917 3540 rebus
931 3474 1050 3562 gestis,
1065 3475 1108 3539 ab
1122 3496 1163 3541 eo

124 3565 200 3640 bello
228 3576 436 3649 discederet*
454 3575 514 3639 hu'i
564 3573 622 3660 qui
650 3574 853 3659 SQQSEU’t
880 3595 949 3639 non
976 3575 1058 3640 satis
1086 3595 1162 3640 esse

124 3686 267 3750 paratum
285 3676 329 3740 ad
346 3686 476 3739 tantum
518 3696 535 3738 e
552 3676 622 3738 lum
639 3662 968 3746 ad'rr'rhiist'r'andum
993 3695 1100 3738 unum
1118 3674 1162 3737 ab

125 3776 269 3841 omnibus
293 3774 395 3840 sociis
418 3785 452 3838 et
474 3774 606 3839 civibus
630 3773 675 3837 ad
702 3772 736 3837 id
764 3772 893 3837 bellum
920 3773 1161 3857 imperatorem

125 3864 249 3955 deposci
274 3886 375 3961 atque
399 3873 525 3959 expeti,
544 3873 693 3937 eundem
714 3873 806 3938 hunc
824 3894 931 3937 unum
948 3873 991 3936 ab
1008 3871 1161 3935 hostibus

127 3973 226 4051 metui,
245 3985 421 4060 praeterea
438 3972 622 4037 neminem.
794 3986 795 3991 ’
