2722 4438
79 241 83 248 “
125 249 185 291 v111.
201 237 257 307 21·]
349 237 447 303 Plots
469 238 545 304 and
571 236 704 305 Crrinos
728 242 776 327 eff
795 238 946 306 Clodius.
1107 256 1168 327 177

124 438 211 504 enim
239 436 362 504 nobilis
387 437 423 503 in
452 437 521 504 suis
545 439 775 505 monumentis
800 440 948 527 equitem
971 442 1171 511 Romanum

123 539 311 606 occiderat:
341 559 434 604 nunc
459 540 611 627 ejusdem
629 538 765 624 Appiae
785 563 911 606 nomen
935 556 1080 628 quantas
1104 555 1172 608 tra·

122 639 261 727 goedias
278 638 424 707 excitati
473 638 576 725 Qae
592 652 768 705 cruentata
790 650 889 706 antea
912 643 1018 708 caede
1039 643 1171 709 honesti

123 750 218 825 atque
250 738 442 805 innocentis
473 740 537 804 viri
570 739 745 815 silebatur,
773 740 895 805 eadem
927 763 1020 806 nune
1051 743 1171 808 crebro

122 848 314 923 usurpatur,
329 850 568 924 posteaquam
585 839 726 904 latronis
743 850 776 905 et
793 840 984 925 parricidae
1000 842 1171 930 sanguine

122 938 247 1003 imbuta
271 948 335 1004 est.
392 938 463 1005 Sed
487 939 570 1024 quid
594 960 661 1025 ego
684 939 743 1003 ilia
768 940 1021 1007 commemoro?
1067 941 1173 1008 Com·

24 1064 25 1067 ¹
124 1040 309 1123 prehensus
327 1049 377 1105 est
393 1037 428 1103 in
441 1039 568 1123 templo
581 1037 734 1104 Castoris
750 1060 870 1105 servus
886 1039 926 1104 Ρ.
940 1039 1055 1116 Clodi,
1069 1061 1172 1127 quem

123 1138 177 1202 ille
200 1138 245 1203 ad
268 1136 337 1202 Cn.
357 1136 561 1222 Pompeium
585 1138 858 1204 interficiendum
884 1141 1088 1208 collocarat:
1113 1162 1174 1205 ex·

123 1249 204 1303 torta
235 1247 287 1302 est
314 1237 346 1302 ei
375 1238 547 1303 confitenti
575 1238 647 1304 sica
674 1239 717 1305 de
746 1239 926 1305 manibus:
966 1241 1075 1306 caruit
1101 1240 1174 1306 soro

125 1347 237 1422 postea
254 1336 454 1421 Pompeius,
473 1338 582 1403 caruit
598 1352 730 1416 senatu,
749 1339 862 1405 caruit
884 1341 1044 1426 publico:
1065 1340 1173 1429 janua

24 1484 26 1492 r
124 1458 158 1502 se
196 1458 237 1502 ac
276 1437 478 1522 parietibus,
519 1460 587 1504 non
626 1439 703 1527 jure
743 1441 862 1528 legum
897 1441 1174 1529 judiciorumque

24 1579 27 1585 ι
124 1536 214 1602 texit.
264 1555 310 1602 19.
334 1537 429 1602 Num
460 1559 550 1625 quae
581 1540 713 1626 rogatio
744 1541 826 1616 lata,
854 1562 937 1605 num
964 1562 1053 1628 quae
1085 1561 1174 1605 nova

125 1637 274 1722 quaestio
292 1638 429 1704 decreta
446 1637 518 1703 est?
564 1637 670 1726 Atqui
692 1639 721 1704 si
749 1660 817 1716 res,
843 1640 871 1705 si
896 1640 960 1714 vir,
984 1640 1012 1705 si
1040 1649 1175 1724 tempus

24 1750 26 1785 1
125 1737 228 1802 ullum
255 1738 402 1826 dignum
429 1737 503 1813 suit,
524 1748 615 1803 certe
647 1739 734 1804 haec
767 1739 802 1803 in
826 1739 885 1803 illa
909 1759 1015 1804 causa
1040 1760 1175 1804 summa

127 1837 237 1903 omnia
268 1839 419 1904 fuerunt.
474 1838 657 1903 Insidiator
688 1848 761 1904 erat
790 1838 827 1903 in
857 1839 930 1905 foro
962 1839 1173 1915 conlocatus,

129 1949 223 2024 atque
247 1940 283 2005 in
309 1939 476 2005 vestibulo
499 1939 574 2025 ipso
598 1948 757 2014 senatus3
789 1939 820 2023 ei
843 1939 917 2005 viro
941 1950 1054 2004 autem
1083 1961 1175 2006 mors

128 2039 323 2122 parabatur,
349 2039 446 2127 cujus
470 2039 506 2103 in
531 2033 600 2103 vito
624 2038 794 2105 nitebatur
817 2040 910 2105 salus
934 2039 1098 2115 civitatis3
1134 2060 1176 2105 eo

129 2159 223 2222 porro
239 2139 289 2205 rei
308 2139 466 2224 publicae
483 2149 649 2223 tempore,
663 2160 743 2224 quo,
758 2138 786 2204 si
803 2161 891 2204 unus
907 2139 964 2203 ille
981 2138 1173 2215 occidisset,

129 2259 192 2303 non
205 2240 294 2306 haec
310 2240 421 2304 solum
435 2239 568 2315 civitam
582 2239 643 2303 sed
660 2249 780 2326 gentes
796 2260 916 2304 omnes
933 2238 1174 2303 concidissent.

129 2335 200 2403 Nisi
216 2362 301 2406 vero
317 2340 397 2425 quia
415 2338 564 2425 perfecta
581 2359 716 2403 resnou
730 2349 792 2414 est,
807 2361 875 2404 non
889 2338 950 2403 suit
962 2338 1175 2423 poeniendae

129 2439 265 2521 proinde
300 2440 399 2526 quasi
429 2439 541 2504 exitus
573 2459 700 2513 rerum,
731 2460 800 2503 non
831 2438 1008 2503 hominum
1033 2438 1177 2503 consilia

129 2537 257 2625 legibus
275 2540 504 2605 vindicentur.
548 2538 667 2603 Minus
684 2538 868 2602 dolendum
885 2537 947 2602 suit
962 2559 999 2602 re
1017 2560 1084 2602 non
1101 2559 1177 2622 per-

128 2636 224 2715 fecta,
246 2641 309 2706 sed
333 2639 563 2725 poeniendum
589 2648 679 2702 certe
703 2637 810 2701 nihilo
834 2637 959 2701 minus.
1007 2653 1056 2700 20.
1081 2636 1179 2720 Quo-

129 2735 211 2804 tiens
227 2761 296 2828 ego
312 2740 398 2825 ipse,
413 2739 560 2828 judices,
579 2758 623 2802 ex
639 2736 679 2801 P.
699 2736 801 2802 Clodi
817 2735 893 2800 telis
910 2746 942 2801 et
963 2757 1007 2801 ex
1029 2736 1177 2801 cruentis

130 2836 198 2923 ejus
222 2841 381 2905 manibus
406 2838 535 2926 effugii
553 2859 597 2902 ex
614 2836 737 2923 quibus
754 2835 781 2901 si
800 2856 854 2899 me
872 2857 939 2900 non
956 2836 1011 2900 vel
1029 2856 1105 2900 mea
1122 2836 1178 2900 vel

130 2937 175 3020 rei
190 2940 349 3024 publicae
366 2939 500 3004 fortuna
517 2947 700 3012 servasset,
712 2935 789 3022 quis
812 2936 952 3000 tandem
976 2937 1019 3001 de
1042 2935 1178 3000 interitu

131 3055 202 3102 meo
217 3039 455 3125 quaestionem
471 3036 624 3103 tulisset?

171 3156 245 3203 vm.
272 3139 343 3205 Sed
364 3137 454 3205 stulti
475 3159 593 3203 sumus
617 3136 674 3223 qui
693 3135 857 3211 Drusum,
876 3135 934 3222 qui
959 3133 1176 3210 Africanum,

131 3230 340 3323 Pompeium,
354 3249 487 3303 nosmet
503 3237 595 3322 ipsos
612 3258 689 3302 cum
707 3236 748 3301 P.
762 3235 885 3302 Clodio
902 3235 1057 3301 conferre
1073 3236 1178 3300 aude·

133 3350 235 3401 arnus.
298 3337 510 3404 Tolerabilia
542 3326 679 3402 fuerunt
709 3335 789 3400 illa:
829 3335 870 3400 P.
900 3335 1002 3401 Clodi
1035 3346 1177 3399 mortem

133 3449 235 3519 aequo
252 3437 366 3502 animo
382 3436 470 3501 ferre
492 3457 594 3501 nemo
613 3427 740 3520 potestss
783 3434 899 3523 Luget
922 3446 1071 3514 senatus,
1086 3455 1178 3499 mae·

134 3540 179 3594 ret
200 3547 354 3622 equester
376 3536 474 3611 ordo,
492 3548 560 3601 tota
577 3535 695 3600 civitas
712 3536 867 3600 confecta
884 3535 979 3601 senio
995 3546 1058 3611 est,
1077 3555 1178 3621 squa-

135 3625 199 3694 lent
213 3635 410 3721 municipia‚
429 3635 645 3700 adflictantur
661 3634 829 3710 coloniae,
849 3634 923 3722 agri
940 3635 1087 3720 denique
1112 3633 1177 3718 ipsi

135 3733 197 3792 tam
212 3733 416 3810 beneficum,
434 3747 504 3799 tam
521 3735 719 3808 salutarem,
737 3745 805 3798 tam
827 3747 1043 3799 mansuetum
1066 3733 1176 3797 civem

136 3824 331 3899 desiderant.
379 3845 421 3893 21·
445 3834 526 3898 Non
550 3833 612 3898 suit
635 3854 676 3897 ea
700 3853 819 3908 causa,
839 3833 986 3920 judices,
1010 3832 1175 3918 prosect0‚

138 3941 198 3990 non
213 3930 282 4011 suit,
299 3955 360 3999 cur
375 3933 439 4000 sibi
455 3942 610 4000 censeret
621 3931 806 4018 Pompeius
819 3931 1053 4019 quaestionem
1066 3931 1178 3996 seren-

637 4055 667 4091 12
