2572 4442
666 38 670 63 l
748 34 758 63 t
806 40 812 53 ¹

555 116 561 145 l
580 94 735 151 ¹,*utx*⁸,„1'›
766 102 770 113 ¹

192 238 256 309 ¹⁰4
420 266 422 269 ·
480 215 693 306 conspiracy
717 218 766 305 eff
785 216 959 285 Catilina.
1020 284 1025 291 ,
1086 213 1214 284 [Curru.
1235 214 1271 270 ΙΙ.

188 441 226 486 se
245 418 387 485 interfici
407 418 532 521 Q
544 439 647 505 quam
667 418 823 484 exsulem
844 418 983 483 vivere.
1038 415 1153 482 Nunc
1178 437 1267 491 vero,

189 541 268 585 curn
295 520 327 584 ei
355 519 439 583 nihil
468 519 582 583 adhuc
608 532 743 604 praeter
771 518 876 603 ipsius
912 518 1148 583 voluntatem
1182 518 1271 603 cogi·

187 619 417 705 tationemque
434 618 608 694 acciderit,
627 618 691 683 nisi
708 618 800 705 quod
817 618 906 684 vivis
926 619 1038 683 nobis
1057 617 1269 709 Qpro·

188 720 296 784 fectus
328 731 390 805 est,
419 728 576 804 optemus
607 717 719 803 potius
746 728 783 782 ut
810 729 866 783 eat
892 717 934 782 in
966 716 1144 783 exsilium
1171 738 1280 809 quaml

212 839 292 884 uera
375 864 383 880 .
1279 882 1280 885 ,

161 841 312 1084 ξω.
338 935 378 982 17.
402 916 474 983 Sed
494 938 556 983 cur
573 927 644 981 tam
661 917 721 1023 diu
743 919 787 983 de
807 940 875 983 uno
895 918 1005 984 hoste
1028 918 1065 983 lo
1093 916 1223 992 uimur,
1240 902 1280 981 et¹

214 1039 232 1083 e
257 1019 352 1084 hoste
368 1017 426 1105 qui
442 1018 515 1105 jum
532 1016 654 1081 fatetur
670 1038 707 1083 se
725 1038 799 1083 esse
817 1019 971 1094 hostem,
994 1028 1031 1084 et
1048 1038 1175 1104 quem,
1194 1016 1267 1103 quia

192 1118 301 1205 (quod
319 1138 454 1201 semper
470 1116 580 1203 volui)
598 1139 715 1182 murus
731 1117 882 1194 interest,
901 1139 979 1183 non
999 1117 1138 1182 timeo:
1163 1116 1207 1181 de
1223 1114 1265 1180 eis
1280 1116 1281 1187 l

120 1230 124 1241 ’
189 1217 246 1303 qui
271 1216 498 1288 dissimulant,
523 1216 581 1302 qui
606 1216 963 1331 QreQnt‚
988 1216 1053 1304 qui
1085 1215 1171 1281 nobi
1214 1228 1281 1277 um*

189 1306 279 1391 sunt,
298 1315 383 1380 nihil
400 1313 568 1380 dicimus?
615 1314 714 1399 Qus
735 1316 874 1403 quidem
898 1337 989 1404 ego²
1008 1318 1038 1381 si
1066 1317 1104 1380 ul
1204 1314 1281 1379 odot

189 1417 263 1481 fieri
287 1415 405 1535 Q,
432 1436 500 1481 non
524 1426 594 1480 tam
618 1415 737 1533 ulo-psci
763 1416 882 1482 studeo
905 1438 1020 1503 quam
1049 1434 1183 1505 sanare
1207 1414 1231 1478 s'
1254 1412 1264 1476 i

189 1517 295 1603 ipsos,
320 1516 458 1602 placare
483 1514 531 1580 rei
556 1517 727 1601 publicae,
752 1537 864 1602 neque
888 1516 923 1580 id
948 1537 1025 1604 qua
1047 1536 1088 1579 re
1106 1513 1183 1579 fieri
1200 1533 1282 1577 non¹

190 1639 234 1703 po
272 1615 563 1736 hmineinre
580 1617 707 1691 volent,
726 1615 900 1780 in—tggego.
952 1616 1156 1702 Exponam
1176 1613 1261 1678 enirn

189 1640 299 1795 voffis,
328 1715 494 1800 Quirites,
522 1737 567 1781 ex
594 1716 717 1803 quibus
749 1737 772 1804 g
819 1717 934 1782 eribus
960 1715 1158 1782 hominum
1183 1714 1259 1778 istae

190 1819 311 1904 copiae
335 1838 411 1883 corn
460 1828 596 1905 rentur:
628 1816 752 1882 deinde
775 1816 921 1903 singulis
943 1816 1168 1882 medicinam
1187 1834 1283 1905 con,

190 1918 243 1984 sili
266 1838 550 2004 atque'cfftmnis
573 1937 683 1991 meae,
705 1917 733 1983 si
755 1937 866 2010 Q
880 1927 1017 2002 potero,
1042 1916 1227 1982 adferam.⁴
1282 1908 1283 1923 ¹

90 2034 144 2115 (μμ
212 2052 217 2061 ,
234 2035 275 2082 ιε.
300 2018 414 2083 Unum
432 2040 543 2105 genus
560 2028 611 2083 est
627 2039 758 2121 θοι-ψῃ,
772 2018 830 2105 qui
848 2038 978 2105 magno
997 2018 1036 2083 in
1051 2038 1137 2093 aere
1152 2016 1257 2080 alieno

101 2112 106 2119 ’
189 2120 337 2207 majores
354 2119 455 2183 etiam
474 2118 707 2203 possessiones
725 2118 864 2193 habent,
883 2139 1035 2204 quarum
1055 2138 1178 2184 amore
1203 2113 1255 2178 ad·

190 2220 281 2284 ducti
302 2219 441 2285 dissolvi
462 2219 556 2282 nullo
580 2217 682 2282 modo
706 2228 859 2303 possunt.
912 2219 1051 2283 Horum
1079 2217 1254 2283 hominum
1283 2216 1284 2305 l

190 2320 324 2412 species
337 2330 387 2384 est
400 2317 694 2397 honestissima-
704 2328 782 2383 sunt
795 2318 886 2382 enim
900 2319 1096 2404 locupletes
1110 2340 1119 2380 τ
1139 2315 1253 2380 volun·
1283 2314 1284 2331 ¹

177 2430 242 2484 tas
259 2441 340 2484 vero
356 2429 390 2484 et
404 2400 510 2483 illisa
526 2417 835 2502 impudentissima.
884 2417 941 2481 Tu
967 2439 1016 2506 ag
1037 2418 1082 2493 is,
1104 2428 1141 2481 tu
1167 2410 1255 2479 aedi·

190 2519 290 2592 liciis,
312 2529 346 2583 tu
372 2530 529 2605 argento,
546 2529 582 2583 tu
600 2516 742 2593 familia,
761 2527 796 2581 tu
814 2516 917 2581 rebus
934 2441 1102 2582 offilb‘us
1119 2523 1251 2581 ornatus

67 2643 81 2667 0
176 2630 223 2682 ‘et
251 2617 408 2702 copiosus
433 2617 493 2692 s‘s,
515 2628 548 2682 et
574 2617 708 2682 dub'tes
737 2616 779 2681 de
808 2617 1028 2700 possessione
1058 2615 1249 2683 detrahere,

191 2718 370 2804 adquirere
388 2717 432 2782 ad
476 2715 577 2782 dm?
663 2717 721 2782 uid
745 2715 836 2781 enim
861 2716 1071 2800 exspectas?
1103 2706 1248 2780 bellum?

192 2816 287 2903 Quid
311 2816 417 2906 ergo?
447 2738 695 2882 &tatione
720 2817 887 2891 omnium,
910 2827 986 2881 tuas
1006 2810 1247 2902 ‘possessiones

191 2929 426 2984 sacrosanctas
443 2918 572 2982 futuras
588 2915 710 3003 putas?
738 2914 795 2980 An
812 2916 947 3005 tabulas
959 2915 1100 3033 povas?
1127 2913 1245 2979 Errant

190 3019 248 3106 qui
265 3020 347 3084 istas
364 3040 384 3083 a
401 3017 550 3084 Catilina
566 3027 786 3101 exspectant:
810 3004 822 3039 ‘
820 3037 897 3080 meo
916 3017 984 3081 ben
1006 3016 1088 3082 ficio
1114 3010 1245 3079 tabulae

190 3141 300 3185 novae
320 3119 545 3204 proferentur,
566 3137 687 3180 verum
705 3115 971 3201 -auctionariaeu
1005 3115 1134 3202 Neque
1158 3109 1242 3175 enim

147 3290 155 3299 ,
190 3218 258 3292 isti,
276 3219 333 3305 qui
351 3216 583 3303 possessiones
601 3217 739 3289 habent,
759 3214 827 3278 alia
844 3215 974 3281 ratione
987 3216 1058 3280 ulla
1072 3211 1160 3280 salvi
1173 3223 1243 3274 esse

191 3339 253 3405 pos
271 3328 344 3405 unt.
394 3315 499 3404 Qod
516 3315 543 3380 si
562 3314 726 3379 maturius
739 3314 853 3378 facere
865 3314 1053 3439 ‘'Qt
1082 3329 1241 3397 neque-

191 3417 225 3481 id
242 3438 264 3503 q
289 3417 333 3481 od
350 3379 844 3537 stultissimumsszd-‘chnme
862 3434 941 3478 curn
957 3413 1069 3479 usuris
1083 3407 1245 3526 sfflsshffi

191 3440 423 3601 piassdffirum,
442 3528 474 3580 et
489 3513 840 3627 locupletioribuslu'rs
853 3523 885 3577 et
902 3513 1099 3577 melioribus
1116 3507 1238 3574 civibus

190 3628 375 3679 uteremur.
424 3613 495 3680 Sed
512 3616 617 3680 hosce
634 3614 790 3680 homines
807 3613 947 3733 m-Qime
965 3623 1046 3697 puto
1070 3609 1239 3710 pertimesf

191 3715 332 3787 cendos,
355 3714 447 3800 quod
469 3726 527 3778 aut
548 3714 672 3779 deduci
694 3716 737 3780 de
762 3713 927 3779 sententia
952 3722 1105 3798 possunt,
1125 3716 1191 3777 aut,
1211 3718 1236 3763 ⁸¹

192 3814 453 3898 permanebunt,
472 3813 584 3901 magis
600 3813 683 3877 mihi
699 3813 858 3879 videntur
880 3823 959 3880 vota
982 3809 1103 3877 facturi
1127 3812 1236 3873 eontra

192 3912 454 3999 rempublicam
471 3933 573 4000 quam
592 3933 688 3977 arma
704 3912 818 3977 laturi.
