2722 4438
108 284 153 324 xv.
167 267 222 337 40·]
252 264 309 332 He
331 264 404 330 bad
424 267 519 351 osten
542 266 674 355 spared
701 265 868 332 Clodius’s
890 267 987 353 Lase.
1083 268 1142 354 185

106 478 223 556 posset,
254 466 287 531 vi
318 487 520 552 oppressam
553 466 725 532 civitatem
763 476 904 533 teneret.
969 466 1085 553 Opem
1117 465 1146 533 si

106 568 283 634 interficere
296 567 470 643 voluisset,
485 577 634 653 quantae
646 566 803 653 quotiens
814 567 1027 643 occasiones,
1041 587 1145 654 quam

105 667 293 754 praeclarae
324 664 480 731 fueruntl
528 665 699 743 Potuitne,
729 688 808 732 cum
832 668 973 732 domum
998 688 1039 732 ac
1062 668 1145 750 deos

104 766 226 855 penatis
264 786 344 831 suos
383 766 441 831 illo
479 779 702 855 oppugnante
741 768 952 843 defenderet,
991 768 1067 855 jure
1108 787 1146 831 se

104 862 235 931 ulcisci?
278 864 449 942 Potuitne,
479 867 545 931 civi
573 868 716 956 egregio
733 878 766 932 et
781 867 855 933 viro
882 866 1078 942 fortissimo,
1101 865 1142 930 P.

103 966 219 1042 Sestio,
237 965 383 1054 conlega
399 987 474 1042 suo,
492 967 690 1033 volueram?
715 967 885 1042 Potuitne,
905 965 959 1053 Q.
972 966 1143 1043 Fabrici0,

102 1068 167 1133 viro
191 1068 332 1152 optimo,
359 1090 438 1133 cum
464 1069 507 1135 de
531 1070 641 1134 reditu
663 1091 740 1135 meo
762 1071 875 1159 legem
897 1070 1010 1144 ferret,
1032 1068 1144 1153 pulso,

102 1167 329 1231 crudelissima
346 1169 381 1232 in
397 1170 470 1235 loro
488 1170 594 1235 caede
611 1169 723 1235 sacta?
754 1169 923 1246 Potuitne,
938 1168 980 1234 L.
999 1168 1144 1244 Caecili,

98 1266 266 1353 justissimi
300 1269 540 1356 fortissimique
572 1271 750 1356 praetoris,
783 1282 983 1357 oppugnata
1023 1267 1146 1336 domo?

101 1365 249 1432 Potuitne
265 1358 327 1435 illo
342 1369 410 1446 die,
428 1391 507 1436 cum
522 1381 574 1435 est
593 1371 662 1434 lata
685 1371 743 1435 lex
766 1370 810 1435 de
834 1393 910 1446 me3
942 1392 1022 1436 cum
1045 1370 1146 1436 totius

100 1465 212 1533 Italiae
244 1491 445 1547 concursus,
471 1492 574 1558 quem
607 1491 685 1536 mea
716 1472 809 1536 salus
841 1471 1039 1546 concitarat,
1067 1469 1146 1535 facti

100 1566 183 1634 illius
206 1570 354 1657 gloriam
378 1571 488 1637 libens
512 1570 721 1658 agnovisset,
745 1581 794 1645 ut,
817 1571 920 1635 etiam
943 1570 972 1635 si
996 1570 1031 1635 id
1059 1569 1146 1634 Milo

99 1667 240 1745 lecisset,
256 1681 381 1736 cuncta
398 1671 517 1737 civitas
533 1691 610 1735 eam
628 1671 765 1735 laudem
782 1691 844 1755 pro
860 1690 922 1734 sua
935 1666 1146 1735 vindicaret?

138 1789 200 1834 xv.
225 1788 274 1835 aa.
297 1770 346 1836 At
363 1772 454 1859 quod
477 1781 550 1835 erat
571 1768 728 1854 tempus?
774 1769 995 1835 Clarissimus
1020 1779 1054 1834 et
1080 1769 1147 1834 lor·

97 1869 241 1938 tissimus
266 1872 400 1947 consul,
420 1870 579 1935 inimicus
601 1868 737 1944 Clodi0‚
759 1867 817 1955 [P.
838 1868 1039 1956 Lentulus]
1059 1870 1148 1933 ultor

97 1971 230 2039 sceleris
262 1973 368 2046 illius,
395 1981 630 2056 propugnator
661 1980 812 2045 senatus,
830 1968 990 2034 defensor
1012 1980 1147 2034 vestrae

97 2061 288 2148 voluntatis,
303 2084 466 2157 patronus
482 2069 610 2155 publici
628 2089 827 2143 consensus,
846 2069 1016 2134 restitutor
1028 2070 1146 2135 salutis

98 2192 209 2249 meae3
251 2184 383 2257 septem
415 2182 600 2255 praetores,
633 2179 709 2234 octo
740 2168 866 2233 tribuni
897 2169 1024 2255 plebei,
1057 2169 1147 2235 illius

97 2272 302 2348 adversarii,
323 2272 519 2337 defensores
548 2269 636 2343 mei3
661 2268 729 2335 Cn.
757 2267 955 2354 Pompeius,
974 2281 1092 2336 auctor
1115 2281 1148 2335 et

95 2371 162 2435 dux
179 2374 246 2438 mei
265 2372 405 2446 reditus,
424 2370 648 2449 illiusxhostis
668 2369 766 2458 cujus
782 2370 984 2435 sententiam
1009 2383 1147 2436 senatus

98 2470 241 2561 [omnis]
271 2474 315 2538 de
339 2472 447 2537 salute
468 2491 545 2536 mea
569 2470 811 2558 gravissimam
839 2482 872 2534 et
894 2470 1147 2536 ornatissimam

94 2585 226 2638 secutus
243 2585 308 2647 est,
323 2571 381 2657 qui
398 2571 563 2656 populum
580 2569 781 2634 Romanum
798 2580 848 2634 est
864 2570 1071 2646 cohortatus,
1089 2570 1148 2656 qui

94 2691 169 2736 curn
196 2674 241 2739 de
270 2693 325 2738 me
352 2672 527 2738 decretum
554 2669 698 2754 Capuae
726 2669 875 2745 lecisset,
901 2669 975 2754 ipse
1003 2683 1147 2736 cunctae

93 2769 208 2838 ltaliae
227 2773 379 2859 cupienti
396 2783 429 2837 et
444 2772 518 2859 ejus
539 2771 643 2834 fidem
667 2769 861 2854 imploranti
879 2769 1016 2856 signum
1040 2770 1144 2845 dedit,

92 2884 125 2935 ut
142 2874 184 2938 ad
203 2896 260 2939 me
277 2872 522 2938 restituendum
539 2871 690 2935 Romam
707 2880 949 2935 concurrerent
959 2892 968 2943 3
992 2869 1146 2935 omnium

92 2971 238 3060 denique
260 2975 296 3039 in
322 2974 418 3038 illum
435 2972 514 3038 odia
539 2971 665 3036 civium
689 2970 856 3035 ardebant
871 2969 1041 3035 desiderio
1064 2969 1144 3045 mei,

92 3091 190 3155 quem
208 3075 353 3161 quitum
371 3071 608 3144 interemisset,
622 3092 691 3136 non
707 3071 750 3136 de
766 3069 966 3157 impunitate
983 3069 1069 3158 ejuS,
1084 3068 1147 3134 sed

90 3171 131 3235 de
144 3176 310 3259 praemiis
327 3175 544 3262 cogitaretur..
593 3189 641 3235 4ο.
663 3172 800 3236 Tamen
813 3193 850 3237 se
867 3171 954 3237 Milo
968 3170 1143 3246 continuit,

93 3284 123 3334 et
137 3273 177 3337 P.
197 3275 362 3340 Clodium
380 3275 415 3338 in
428 3274 595 3363 judicium
612 3274 677 3347 bis,
692 3273 737 3337 ad
753 3273 822 3335 vim
840 3292 1027 3358 numquam
1045 3290 1146 3336 voca-

91 3370 147 3434 vit.
185 3372 306 3458 Qrid?
330 3374 461 3458 priv'ato
473 3372 604 3438 Milone
616 3383 648 3436 et
658 3394 715 3436 reo
729 3372 773 3435 ad
786 3371 950 3456 populum
962 3382 1145 3436 accusante

92 3466 130 3531 P.
145 3470 286 3548 Clodi0‚
300 3494 379 3538 cum
396 3472 430 3537 in
448 3472 514 3538 Cn.
530 3471 733 3557 Pompeium
750 3492 812 3556 pro
826 3470 957 3536 Milone
974 3472 1145 3535 dicentem

90 3566 239 3654 impetus
265 3573 375 3637 factus
397 3582 459 3647 est,
480 3591 570 3657 quae
595 3582 664 3635 tum
692 3592 761 3634 non
787 3570 889 3636 modo
915 3572 1065 3647 occasi0,
1084 3570 1145 3635 sed

91 3668 192 3733 etiam
210 3691 317 3737 causa
333 3671 423 3736 illius
446 3669 662 3756 opprimendi
686 3668 768 3734 fuitl
815 3669 937 3755 Nuper
960 3691 1041 3735 vero
1065 3690 1145 3734 cum

92 3764 148 3850 M,
172 3769 348 3836 Antonius
378 3791 547 3836 summam
576 3790 674 3855 spem
706 3768 824 3834 salutis
854 3769 954 3835 bonis
984 3769 1144 3834 omnibus

92 3869 271 3945 attulisset,
290 3870 597 3959 gravissimamque
614 3868 818 3934 adulescens
840 3868 1071 3934 nobilissimus
1094 3867 1143 3932 rei

93 3969 254 4050 publicae
283 3981 414 4056 partem
446 3968 628 4061 fortissime
658 3967 875 4053 suscepisset,
909 3979 1010 4055 atque
1047 3967 1143 4033 illam
