2572 4442
182 205 246 298 146
472 206 686 296 Citizensha'p
709 207 757 295 os
769 206 934 274 Archias.

179 409 353 476 mendatio
385 408 486 475 debet
516 430 604 485 esse,
636 419 673 474 ut
704 430 784 475 eum
814 409 872 496 qui
903 431 978 487 vos,
1011 410 1068 497 qui
1101 417 1226 473 vestros

180 512 415 596 imperatores,
444 509 502 595 qui
534 510 652 594 populi
684 509 836 575 Romani
863 531 918 574 res
950 522 1065 596 gestas
1095 529 1227 591 semper

180 610 325 686 ornavit,
354 608 412 695 qui
444 609 545 674 etiam
579 610 632 674 his
663 610 856 674 recentibus
888 610 1010 675 nostris
1040 608 1229 693 vestrisque

181 710 375 776 domesticis
405 708 567 793 periculis
599 720 774 773 aeternum
799 730 836 773 se
859 709 1092 774 testimonium
1122 706 1230 771 laudis

181 810 339 875 daturum
371 829 448 873 esse
482 809 669 893 profitetur,
699 820 817 894 estque
849 830 893 873 ex
924 832 965 874 eo
998 830 1147 873 numero
1179 806 1231 893 qui

181 929 318 994 semper
349 908 440 993 apud
471 908 583 973 omnis
614 907 723 973 sancti
754 920 833 973 sunt
857 909 962 973 habiti
993 909 1112 994 itaque
1141 906 1230 980 dicti,

182 1009 231 1074 sic
257 1008 293 1072 in
309 1020 458 1072 vestram
482 1008 659 1093 accipiatis
683 1009 799 1083 fidem,
818 1020 855 1073 ut
882 1009 1096 1073 humanitate
1123 1018 1233 1072 vestra

181 1108 313 1172 levatus
337 1107 448 1192 potius
471 1127 575 1194 quam
600 1107 784 1174 acerbitate
799 1107 945 1174 violatus
969 1129 1045 1173 esse
1060 1108 1231 1172 videatur.

180 1224 228 1272 aa.
262 1206 364 1291 Quae
395 1207 439 1272 de
470 1227 575 1273 causa
607 1230 669 1293 pro
700 1229 779 1274 mea
808 1208 1055 1283 consuetudine
1087 1207 1234 1273 breviter

183 1307 448 1394 simpliciterque
471 1308 557 1385 dixi,
582 1308 731 1396 judices
757 1329 799 1374 ea
826 1309 962 1374 confido
985 1309 1135 1395 probata
1164 1324 1234 1372 esse

105 1468 107 1473 ⁴
182 1407 354 1473 omnibus.
419 1407 522 1491 Quae
553 1420 667 1474 autem
694 1419 823 1474 remota
852 1430 872 1473 a
900 1430 978 1474 mea
1005 1408 1233 1497 judicialique

113 1576 115 1580 ,
184 1501 442 1585 consuetudine,
462 1520 494 1573 et
510 1509 553 1574 de
578 1509 725 1574 hominis
741 1510 883 1598 ingenio
899 1521 932 1574 et
947 1509 1180 1574 communiter
1196 1507 1233 1570 de

183 1609 289 1695 ipsius
317 1609 428 1675 studio
453 1612 586 1675 locutus
614 1631 703 1685 sum,
722 1630 776 1686 ea,
800 1610 947 1697 judices,
966 1630 986 1675 a
1007 1610 1108 1675 vobis
1138 1627 1233 1693 spero

183 1731 259 1775 esse
282 1710 318 1775 in
342 1711 468 1776 bonam
492 1721 624 1797 partem
660 1722 822 1798 accepta3
846 1712 889 1776 ab
913 1732 955 1777 eo
978 1710 1037 1798 qui
1064 1708 1233 1797 judicium

183 1821 333 1887 exercet,
357 1824 450 1877 certo
473 1811 557 1878 scio.

299 1968 392 2009 ¹¹2-
456 1956 464 2001 Ι
581 1996 584 1999 .

293 2012 570 2171 *minvs-,a
608 2088 733 2157 sim.
787 1989 1131 2173 &wacek-p
1179 1996 1263 2158 Ἡ),

330 2162 347 2191 'd
