2760 4448
181 292 227 360 44
461 271 721 359 Impeachment
744 274 792 360 (ff
817 271 953 338 Verres.
1071 268 1181 341 [Vana.
1199 268 1235 323 V.

226 487 254 534 a.
277 472 407 540 Urbem
444 472 637 561 Syracusas
672 474 859 538 maximam
896 494 971 539 esse
1004 472 1232 548 Graecarum,

181 575 448 661 pulcherrimam
473 575 625 639 omnium
650 595 754 659 saepe
783 574 936 640 audistis.
985 574 1059 649 Est,
1082 574 1231 661 judices,

181 676 227 740 ita
251 688 288 739 ut
311 675 444 739 dicitur.
494 673 588 738 Nam
613 685 645 738 et
669 674 733 739 situ
759 686 808 739 est
832 695 911 738 cum
938 675 1068 738 munito
1092 685 1163 737 tum
1187 695 1233 738 ex

181 776 274 840 omni
292 777 398 851 aditu,
417 776 471 840 vel
488 786 578 839 terra
594 774 648 839 vel
667 775 765 849 mari,
784 776 962 861 praeclaro
980 776 1023 840 ad
1040 788 1230 859 aspectum,

181 886 215 939 et
230 887 346 961 portus
364 876 466 941 habet
482 896 588 960 prope
605 874 639 938 in
657 875 894 940 aedificatione
912 887 1120 961 aspectuque
1139 875 1232 939 urbis

181 974 352 1041 inclusos:
389 976 447 1063 qui
475 997 553 1040 cum
581 975 734 1040 diversos
758 974 846 1039 inter
869 995 906 1039 se
932 975 1042 1038 aditus
1067 974 1230 1049 habeant,

180 1074 215 1138 in
236 1075 329 1139 exitu
349 1076 603 1163 conjunguntur
624 1085 658 1140 et
678 1073 864 1139 confluunt.
914 1073 1043 1138 Eorum
1068 1073 1232 1161 conjunc·

179 1173 270 1239 tione
288 1197 368 1261 pars
384 1175 513 1261 oppidi,
532 1195 621 1260 quae
638 1175 830 1259 appellatur
847 1173 976 1249 Insula,
997 1174 1082 1238 mari
1098 1173 1233 1263 dijunc-

180 1282 213 1337 ta
232 1285 391 1362 angust0,
410 1286 512 1360 ponte
528 1295 646 1338 rursus
663 1272 861 1361 adjungitur
877 1284 909 1338 et
926 1273 1127 1339 continetur.

225 1393 302 1437 L111.
328 1388 356 1435 4.
380 1374 432 1439 Ea
457 1386 550 1439 tanta
578 1385 629 1439 est
654 1375 750 1448 urbs,
775 1385 812 1438 ut
839 1396 884 1438 ex
908 1384 1067 1460 quattuor
1088 1373 1232 1440 urbibus

165 1474 341 1539 ,maximis
361 1486 516 1540 constare
538 1474 691 1539 dicatur:
723 1496 868 1562 quarum
892 1494 962 1539 una
986 1486 1037 1539 est
1060 1495 1101 1540 ea
1125 1496 1231 1562 quam
1288 1491 1291 1495 ’

180 1572 252 1637 dixi
269 1573 398 1650 Insula,
416 1594 505 1661 quae
522 1575 655 1669 duobus
672 1575 835 1661 portubus
851 1574 976 1650 cincta,
994 1574 1029 1638 in
1053 1574 1230 1661 utriusque

179 1686 296 1760 portus
323 1675 446 1741 ostium
470 1674 669 1761 aditumque
692 1678 844 1763 projecta
867 1687 930 1750 est,
954 1675 1082 1761 inqua
1106 1677 1230 1741 domus

179 1786 242 1850 est,
261 1797 349 1861 quae
368 1775 529 1841 Hieronis
546 1776 638 1864 regis
655 1776 729 1851 suit,
748 1797 815 1862 qua
835 1787 1009 1862 praetores
1033 1776 1080 1841 uti
1105 1777 1227 1841 solent.

179 1875 219 1939 In
248 1897 289 1941 ea
317 1888 396 1941 sunt
423 1877 526 1945 aedes
555 1897 675 1941 sacrae
704 1879 910 1961 complures
937 1877 999 1941 sed
1027 1878 1115 1942 duae
1139 1898 1230 1963 quae

178 1975 283 2062 longe
315 1976 436 2041 ceteris
471 1977 697 2041 antecellant:
737 1976 886 2052 Dianae,
920 1986 953 2040 et
987 1976 1106 2052 altera,
1139 1998 1230 2064 quae

179 2074 240 2139 suit
264 2086 342 2140 ante
366 2075 461 2140 istius
486 2077 670 2140 adventum
693 2076 923 2151 ornatissima,
945 2075 1137 2142 Minervae.
1187 2077 1229 2142 In

178 2174 245 2239 hac
264 2175 376 2240 insula
396 2187 549 2240 extrema
569 2186 620 2240 est
643 2175 719 2241 sons
743 2196 854 2263 aquae
878 2176 1002 2251 dulcis,
1023 2177 1077 2241 cui
1101 2200 1229 2242 nomen

177 2273 351 2341 Arethusa
368 2286 430 2349 est,
449 2275 639 2340 incredibili
656 2275 907 2363 magnitudine,
925 2277 1143 2362 plenissimus
1159 2278 1230 2362 pis·

178 2376 283 2450 cium,
309 2375 366 2462 qui
396 2375 502 2439 fluctu
533 2384 622 2440 totus
652 2375 854 2461 operiretur,
877 2375 943 2442 nisi
972 2378 1158 2442 munitione
1186 2398 1229 2443 ac

178 2477 268 2540 mole
292 2476 445 2561 lapidum
463 2474 641 2564 *diiunctus
665 2488 755 2541 esset
779 2497 799 2541 a
823 2477 940 2548 mari„
970 2493 997 2538 5.
1020 2476 1139 2542 Altera
1167 2499 1229 2542 au-

177 2586 245 2640 tem
263 2587 313 2640 est
329 2577 410 2640 urbs
426 2575 623 2661 Syracusis,
642 2577 697 2641 cui
721 2597 845 2642 nomen
862 2575 1063 2642 Achradina
1089 2589 1159 2643 est:
1191 2579 1228 2643 in

177 2696 245 2763 qua
270 2675 380 2741 sorum
406 2675 607 2750 maximum,
626 2677 879 2761 pulcherrimae
904 2678 1066 2763 porticuS,
1083 2679 1228 2744 ornatis·

177 2777 301 2842 simum
326 2775 534 2861 prytanium,
560 2776 772 2860 amplissima
796 2788 846 2841 est
871 2778 966 2842 curia
993 2779 1227 2864 templumque

177 2876 356 2964 egregium
369 2875 466 2961 Jovis
483 2874 637 2961 Olympii
655 2888 858 2962 ceteraeque
874 2877 969 2942 urbis
992 2890 1118 2963 partes,
1137 2900 1227 2964 quae

176 2999 245 3042 una
273 2977 328 3040 via
356 2977 425 3040 lata
453 2985 617 3061 perpetua
649 2975 831 3062 multisque
862 2978 1065 3043 transversis
1096 2979 1227 3044 divisae

176 3077 315 3165 privatis
335 3074 746 3141 aedificiis'continentur.
794 3076 912 3141 Tertia
937 3088 987 3142 est
1009 3078 1103 3154 urbs,
1121 3100 1225 3165 quae,

176 3178 268 3264 quod
291 3176 325 3240 in
350 3197 391 3240 ea
416 3186 512 3260 parte
535 3173 707 3239 Fortunae
729 3174 847 3239 fanum
868 3177 1045 3264 antiquum
1061 3177 1135 3254 suit,
1152 3177 1228 3266 Ty·

176 3278 242 3342 cha
259 3276 433 3341 nominata
451 3284 512 3348 est,
531 3273 566 3337 in
583 3295 651 3360 qua
668 3275 890 3361 gymnasium
907 3277 1155 3362 amplissimum
1175 3289 1229 3344 est

176 3387 209 3440 et
224 3376 418 3459 complures
436 3376 539 3440 aedes
556 3394 695 3438 sacrae:
722 3374 909 3461 coliturque
926 3397 967 3440 ea
984 3397 1064 3462 pars
1080 3390 1114 3441 et
1129 3378 1227 3443 habi·

175 3486 265 3540 tatur
288 3474 573 3561 frequentissime.
624 3472 758 3556 Quarta
790 3487 904 3538 autem
936 3486 998 3551 est,
1024 3475 1113 3563 quae
1144 3479 1227 3564 quia

176 3586 346 3661 postrema
364 3574 586 3639 coaedificata
607 3586 669 3647 est,
688 3572 857 3659 Neapolis
880 3576 1096 3640 nominatur:
1121 3600 1227 3664 quam
1258 3576 1261 3581 ’

177 3676 220 3739 ad
245 3696 414 3749 summam
438 3674 608 3737 theatrum
629 3672 839 3737 maximum:
864 3686 1041 3759 praeterea
1058 3677 1125 3742 duo
1141 3689 1228 3741 tem-

175 3776 232 3862 pla
249 3784 327 3839 sunt
342 3773 499 3860 egregia.
518 3772 654 3836 Cereris
674 3793 793 3847 unum,
814 3774 956 3837 alterum
982 3774 1130 3841 Liberae
1155 3778 1228 3865 sig-

176 3894 326 3961 numque
350 3872 534 3958 Apollinis,
556 3871 614 3957 qui
637 3871 838 3938 Temenites
860 3886 1014 3951 vocatur,
1036 3878 1227 3960 pulcherri-

176 3997 269 4038 mum
288 3985 320 4038 et
335 3972 546 4037 maximum:
571 3971 663 4058 quod
679 3970 741 4035 iste
758 3971 786 4036 si
803 3983 938 4058 portare
959 3976 1136 4060 potuisset,
1155 3999 1226 4044 non

178 4074 362 4141 dubitasset
378 4072 522 4137 auferre.
