2760 4448
186 315 230 381 32
464 299 723 390 Impeaclement
746 302 793 390 os
816 300 952 369 Verres.
1085 299 1197 369 [Vena.
1214 300 1236 352 Ι.

185 499 320 575 diebus,
350 521 429 565 cum
460 513 634 587 praetores
666 486 1080 590 designati’sortirentur,
1113 512 1147 566 et
1178 502 1232 566 M.

186 598 329 665 Metello
353 600 542 686 obtigisset,
566 614 603 667 ut
625 604 654 667 is
675 604 717 668 de
738 603 891 688 pecuniis
911 603 1108 687 repetundis
1130 624 1235 688 quae-

185 711 294 773 reret;
327 700 499 765 nuntiatur
523 702 619 778 mihi,
644 714 772 767 tantam
796 702 849 767 isti
872 704 1135 790 gratulationem
1159 724 1234 766 esse

184 798 324 875 factam,
339 811 375 863 ut
391 800 420 864 is
437 802 576 865 domum
593 824 729 889 quoque
745 824 870 889 pueros
888 803 1043 876 mitteret,
1059 801 1116 888 qui
1133 803 1233 867 uxori

185 919 268 962 suae
292 900 499 966 nuntiarent.
547 920 594 967 aa.
618 901 781 967 Sauene
806 904 893 967 haec
914 903 1053 988 quidem
1075 901 1158 965 mihi
1178 924 1234 966 res
1317 953 1321 961 .

184 1000 363 1084 placebat:
392 1022 502 1087 neque
526 1012 654 1078 tamen,
673 1014 767 1067 tanto
786 1024 889 1089 opere
910 1003 991 1090 quid
1008 1002 1043 1066 in
1060 1003 1127 1086 bac
1144 1015 1234 1067 sorte

185 1100 405 1164 metuendum
426 1102 509 1165 mihi
529 1114 630 1178 esset,
648 1103 904 1189 intellegebam.
953 1102 1071 1169 Unum
1088 1102 1172 1167 illud
1190 1124 1234 1166 ex

184 1198 379 1265 hominibus
405 1202 517 1277 certiS,
545 1225 589 1268 ex
612 1203 736 1289 quibus
758 1203 875 1268 omnia
899 1202 1063 1288 comperi,
1086 1201 1236 1287 reperie-

183 1300 285 1364 bam:
311 1299 412 1366 fiscos
429 1303 614 1388 compluris
635 1325 711 1367 cum
732 1303 879 1388 pecunia
901 1302 1087 1378 Siciliensi,
1106 1324 1126 1366 a
1149 1325 1234 1388 quo-

184 1399 265 1464 dam
282 1412 439 1466 senatore
472 1403 516 1467 ad
532 1403 681 1489 equitem
705 1402 906 1467 Romanum
929 1424 1004 1468 esse
1028 1403 1232 1467 translatos:

184 1522 229 1565 ex
245 1499 299 1565 his
315 1501 411 1586 quasi
429 1503 549 1567 decem
569 1504 671 1567 fiscos
693 1503 737 1566 ad
761 1513 955 1567 senatorem
979 1503 1074 1567 illum
1098 1502 1235 1567 relictos

184 1606 273 1676 esse,
293 1601 506 1666 comitiorum
525 1591 678 1667 meorum
696 1602 855 1667 nomine:
889 1602 1055 1667 divisores
1078 1602 1233 1666 omnium

183 1702 330 1766 tribuum
354 1714 456 1766 noctu
477 1704 521 1768 ad
545 1704 647 1767 istum
671 1714 822 1767 vocatos.
870 1718 916 1765 2³.
941 1702 996 1765 Ex
1012 1701 1135 1788 quibus
1159 1702 1235 1788 qui-

184 1803 278 1875 dam,
304 1801 361 1888 qui
390 1824 427 1867 se
454 1802 570 1867 omnia
600 1824 677 1868 mea
706 1822 810 1867 causa
839 1803 963 1867 debere
992 1803 1231 1877 arbitrabatur,

104 1928 107 1935 ·
184 1903 306 1967 eadem
331 1902 390 1965 illa
415 1915 513 1966 nocte
539 1904 582 1967 ad
608 1903 799 1968 mevenit:
833 1901 1054 1976 demonstrat,
1077 1923 1145 1987 qua
1168 1902 1234 1966 iste

183 2002 335 2068 oratione
352 2024 434 2066 usus
452 2015 561 2067 esset:
583 2023 869 2067 commemorasse
886 2001 1000 2076 istum,
1013 2023 1116 2088 quam
1131 2003 1235 2067 liber-

184 2102 281 2169 aliter
298 2123 356 2167 eos
372 2113 549 2166 tractasset
566 2101 704 2188 [etiam]
722 2114 835 2177 antea,
851 2122 930 2166 cum
946 2102 1019 2187 ipse
1037 2113 1233 2187 praeturam

183 2203 335 2289 petisset,
354 2213 387 2266 et
410 2201 575 2287 proximis
599 2201 836 2266 consularibus
860 2201 1105 2288 praetoriisque
1127 2204 1235 2267 comi·

183 2304 257 2368 tiis:
288 2301 412 2367 deinde
436 2302 597 2366 continuo
614 2322 690 2365 esse
707 2301 908 2386 pollicitum,
927 2313 1089 2387 quantam
1106 2304 1235 2370 vellent

183 2404 380 2490 pecuniam,
414 2402 442 2467 si
475 2423 530 2466 me
563 2401 734 2465 aedilitate
766 2401 982 2488 dejecissent.
1048 2402 1117 2467 Hic
1147 2405 1233 2469 alios

184 2526 331 2593 negasse
369 2505 517 2575 audere3
561 2502 646 2565 alios
681 2501 912 2584 respondisse,
946 2524 1015 2566 non
1046 2514 1166 2588 putare
1197 2505 1234 2570 id

184 2606 301 2693 perfici
327 2625 448 2690 posse:
481 2603 657 2666 inventum
681 2611 796 2664 tamen
820 2622 896 2666 esse
921 2602 1041 2667 fortem
1067 2604 1231 2679 amicum,

184 2729 227 2772 ex
256 2707 377 2771 eadem
406 2703 549 2778 familia,
579 2700 633 2785 Q
655 2701 814 2774 Verrem,
840 2703 1005 2777 Romilia,
1033 2725 1077 2767 ex
1104 2707 1233 2789 optima

184 2807 369 2874 divisorum
401 2803 595 2888 disciplina,
629 2801 734 2888 patris
766 2802 861 2867 istius
894 2804 1099 2887 discipulum
1131 2817 1233 2891 atque

184 2909 346 2982 amicum,
368 2904 439 2992 qui,
467 2902 529 2969 HS
554 2902 751 2990 quingentis
777 2902 913 2967 milibus
937 2904 1112 2989 depositis,
1136 2905 1169 2970 id
1195 2927 1234 2970 se

184 3008 412 3093 perfecturum
437 3004 675 3090 polliceretur:
718 3012 752 3066 et
775 3001 879 3067 fuisse
907 3013 979 3066 tum
1008 3026 1076 3069 non
1103 3005 1231 3080 nullm,

182 3108 241 3193 qui
273 3129 310 3172 se
342 3127 409 3170 una
439 3105 587 3169 facturos
617 3122 692 3166 esse
721 3101 884 3166 dicerent.
947 3101 1049 3188 Quae
1078 3125 1155 3168 cum
1186 3105 1233 3169 ita

183 3219 308 3281 essent,
325 3227 408 3270 sane
425 3204 592 3269 benevolo
610 3201 725 3266 animo
742 3223 809 3278 me,
825 3213 861 3267 ut
874 3223 1002 3290 magno
1014 3225 1118 3289 opere
1132 3224 1234 3269 cave-

182 3327 254 3368 rem
272 3304 530 3390 praemonebat.
870 3318 872 3321 ’

227 3423 278 3467 1x.
299 3419 347 3467 24.
372 3402 589 3468 Sollicitabar
606 3401 707 3466 rebus
725 3401 884 3466 maximis
901 3424 969 3468 uno
988 3413 1087 3489 atque
1104 3424 1145 3467 eo
1156 3424 1235 3488 per·

183 3503 311 3590 exiguo
335 3514 499 3586 tempore.
558 3501 740 3588 Urgebant
764 3501 900 3581 comitia
914 3523 939 3583 2
955 3512 988 3566 et
1011 3502 1046 3565 in
1071 3502 1124 3567 his
1148 3502 1233 3587 ipsis

183 3597 410 3688 oppugnabar
435 3600 558 3687 grandi
582 3600 742 3686 pecunia.
803 3600 955 3665 Instabat
978 3601 1167 3690 judicium:
1200 3602 1233 3666 ei

183 3722 317 3787 quoque
342 3701 480 3785 negotio
503 3700 576 3765 fisci
604 3698 804 3765 Sicilienses
836 3701 1064 3765 minabantur.
1112 3700 1233 3788 Agere

183 3822 271 3886 quae
294 3800 338 3864 ad
356 3800 522 3887 judicium
546 3800 761 3883 pertinebant
776 3799 894 3874 libere,
909 3800 1121 3864 comitiorum
1140 3811 1234 3865 metu

183 3900 399 3964 deterrebar:
425 3899 575 3983 petitioni
593 3909 661 3964 toto
685 3899 800 3963 animo
824 3898 965 3974 servire,
984 3913 1122 3984 propter
1141 3900 1237 3988 judin

182 4000 274 4065 cium
301 4020 371 4063 non
398 3997 534 4063 licebat.
584 3997 714 4062 Minari
741 3997 888 4083 denique
915 3997 1120 4063 divisoribus
1147 3999 1238 4064 ratio*
