2760 4448
140 281 249 352 V1·15·]
444 281 516 348 His
545 281 678 348 Crimes
702 283 738 348 in
763 274 905 372 Sicily(
1149 290 1192 373 2'9

137 480 365 571 integerrimi,
383 482 543 549 absentes
566 482 616 549 rei
639 483 734 560 sacti,
755 484 884 550 indicta
907 506 1013 551 causa
1037 483 1191 551 damnati

138 598 172 648 et
195 584 316 671 ejecti3
349 596 467 669 portus
488 583 719 657 munitissimi,
739 585 912 649 maximae
934 587 1190 672 tutissimaeque

137 685 241 748 urbes
259 684 380 768 piratis
394 684 691 768 praedonibusque
709 684 921 768 patefactae3
954 698 1078 750 nautae
1103 686 1190 750 mili·

137 795 258 869 tesque
283 783 492 855 Siculorum,
514 782 597 847 socii
623 784 729 847 nostri
753 795 854 869 atque
879 784 994 860 amici,
1018 786 1108 850 fame
1131 808 1191 850 ne-

137 884 227 958 cati;
268 884 398 947 classes
432 882 581 966 optimae
617 894 718 968 atque
753 884 1076 967 opportunissimae,
1111 906 1190 949 cum

139 1003 269 1069 magna
287 981 477 1069 ignominia
494 982 610 1065 populi
628 981 793 1057 Romani,
809 983 956 1047 amissae
973 995 1006 1047 et
1022 984 1187 1068 perditae.

135 1090 179 1145 14'.
204 1082 302 1146 Idem
326 1081 389 1145 iste
408 1093 544 1166 praetor
561 1094 782 1146 monumenta
798 1083 1048 1168 antiquissima,
1067 1084 1190 1168 partim

137 1203 264 1270 regum
294 1181 652 1266 locupletissimorum,
679 1201 769 1268 quae
793 1181 844 1247 illi
871 1194 1072 1248 ornamento
1100 1184 1191 1248 urbi-

137 1283 204 1348 bus
228 1303 304 1347 esse
326 1282 532 1370 voluerunt„
544 1282 667 1367 partim
692 1282 794 1347 etiam
823 1294 1016 1348 nostrorum
1044 1283 1192 1369 impera-

136 1392 264 1458 torum,
288 1404 378 1469 quae
402 1381 547 1448 victores
571 1382 763 1449 civitatibus
787 1382 914 1449 Siculis
939 1394 997 1448 aut
1024 1385 1191 1449 dederunt

138 1495 198 1549 aut
214 1484 448 1559 reddiderunt,
467 1483 638 1569 spoliavit,
657 1484 866 1570 nudavitque
888 1484 1017 1549 omnia.
1066 1484 1191 1571 Neque

137 1586 207 1650 hoc
242 1585 353 1663 solum
384 1583 419 1647 in
451 1584 569 1649 statuis
601 1585 879 1671 ornamentisque
912 1584 1058 1670 publicis
1089 1584 1189 1659 fecit3

137 1685 202 1750 sed
233 1684 336 1749 etiam
369 1685 513 1750 delubra
545 1685 675 1761 omnia,
709 1685 933 1750 sanctissimis
965 1685 1190 1774 religionibus

138 1798 353 1858 consecrata,
377 1786 601 1869 depeculatus
630 1795 691 1850 est.
742 1785 855 1850 Deum
884 1786 1032 1872 denique
1057 1786 1190 1850 nullum

138 1886 280 1961 Siculis,
310 1885 368 1971 qui
400 1887 431 1949 ei
463 1886 567 1970 paulo
599 1886 711 1973 magis
743 1887 884 1951 adfabre
917 1899 1017 1973 atque
1051 1887 1190 1974 antiquo

138 1987 283 2052 artificio
304 1985 414 2050 factus
433 1986 617 2061 videretur,
639 1986 786 2073 reliquit.
837 1986 877 2050 In
902 1987 1027 2072 stupris
1051 2009 1133 2053 vero
1157 1998 1192 2052 et

136 2087 292 2175 flagitiis,
314 2086 464 2150 nefarias
486 2086 559 2173 ejus
584 2086 742 2151 libidines
765 2107 1035 2152 commemorare
1060 2088 1190 2173 pudore

136 2175 313 2253 deterreor
325 2208 336 2247 t·
358 2185 459 2251 simul
482 2186 617 2251 illorum
638 2186 867 2251 calamitatem
888 2189 1190 2254 commemorando

137 2308 269 2376 augere
287 2286 385 2361 nolo,
398 2286 521 2371 quibus
538 2287 662 2351 liberos
680 2287 914 2375 conjugesque
937 2309 1018 2353 suas
1037 2289 1190 2377 integras

137 2390 183 2452 ab
200 2387 295 2452 istius
313 2386 499 2470 petulantia
516 2407 720 2450 conservare
738 2409 807 2451 non
824 2388 953 2452 licitum
971 2399 1033 2452 est.

182 2505 223 2551 15.
247 2486 295 2551 At
318 2486 409 2550 enim
435 2487 522 2549 haec
545 2485 591 2549 ita
616 2486 800 2551 commissa
817 2499 895 2552 sunt
912 2489 955 2552 ab
972 2488 1050 2562 isto,
1067 2499 1189 2553 utnon

137 2587 278 2675 cognita
295 2585 362 2651 sint
375 2586 417 2649 ab
431 2585 649 2671 bominibus?
685 2586 869 2651 Hominem
885 2588 1029 2652 arbitror
1041 2610 1116 2653 esse
1130 2610 1190 2653 ne·

137 2688 282 2760 minem,
301 2685 358 2771 qui
383 2707 508 2749 nomen
532 2685 630 2749 istius
655 2686 811 2761 audierit,
833 2688 915 2773 quin
940 2688 1030 2752 sacta
1053 2711 1189 2776 quoque
1222 2709 1225 2714 ·

136 2789 213 2877 ejus
245 2785 376 2850 nefaria
411 2805 682 2849 commemorare
719 2786 844 2870 possit3
885 2798 922 2851 ut
957 2788 1040 2851 mihi
1076 2791 1189 2876 magis

134 2887 329 2953 timendum
349 2884 403 2958 sit,
422 2905 465 2949 ne
488 2884 594 2947 multa
618 2884 762 2949 crimina
786 2886 1065 2970 praetermittere,
1084 2909 1188 2974 quam

135 3009 180 3052 ne
198 3006 268 3072 qua
284 2983 319 3048 in
336 2984 437 3048 istum
454 2984 599 3070 fingere,
619 2983 805 3048 existimer.
854 2984 978 3071 Neque
995 2987 1086 3050 enim
1105 2989 1188 3053 mihi

134 3078 273 3151 videtur
289 3085 377 3147 haec
393 3084 586 3158 multitudo,
606 3105 694 3169 quae
712 3086 755 3149 ad
781 3085 989 3150 audiendum
1015 3089 1187 3164 convenit,

134 3204 350 3272 cognoscere
374 3204 418 3247 ex
438 3204 493 3246 me
514 3203 655 3247 causam
671 3184 834 3260 voluisse,
853 3185 915 3249 sed
931 3206 986 3259 ea,
1005 3208 1093 3272 quae
1111 3190 1186 3266 scit,

133 3305 274 3350 mecum
299 3303 561 3369 recognoscere.
1215 3353 1218 3357 ,

181 3404 234 3457 v1.
263 3381 365 3465 Quae
382 3403 464 3445 ¹cum
481 3382 527 3446 ita
543 3382 622 3456 sint,
641 3382 703 3447 iste
720 3383 824 3448 homo
841 3405 962 3451 amens
980 3408 1020 3451 ac
1037 3389 1189 3473 perditus
1262 3393 1267 3399 '

134 3486 205 3550 alia
223 3504 360 3547 mecum
377 3481 507 3546 ratione
523 3494 667 3567 pugnat.
716 3482 798 3547 Non
822 3484 857 3549 id
882 3487 965 3573 agit,
983 3500 1020 3552 ut
1044 3489 1189 3577 alicujus

130 3582 367 3671 eloquentiam
386 3581 468 3644 mihi
486 3594 657 3665 opponat3
678 3605 747 3647 non
764 3585 888 3670 gratia,
903 3609 972 3651 non
990 3590 1188 3654 auctoritate

135 3682 355 3774 cujusquam,
371 3703 439 3745 non
453 3682 603 3765 potentia
621 3682 746 3746 nititur.
797 3684 945 3751 Simulat
962 3689 1014 3753 his
1032 3711 1068 3754 se
1086 3690 1188 3755 rebus

134 3786 324 3858 confidere,
359 3783 421 3847 sed
451 3782 553 3846 video
584 3783 666 3868 quid
700 3795 782 3870 agat
816 3786 947 3872 (neque
986 3790 1077 3853 enim
1117 3789 1199 3876 a‘git'
1274 3786 1280 3797 ’

133 3882 411 3969 occultissime):
450 3882 608 3967 proponit
639 3883 755 3947 inania
787 3885 871 3948 mihi
899 3888 1095 3964 nobilitatis,
1122 3889 1189 3954 hoc

134 3998 198 4063 est,
218 3984 398 4051 hominum
416 3983 670 4071 adrogantium,
689 3984 851 4058 nomina3
876 3987 934 4076 qui
953 4002 1107 4053 nontam
1133 4010 1188 4053 me
1241 4018 1244 4024 ¹
1320 3969 1337 3989 ’Δ
