2722 4438
186 300 214 342 a
232 287 289 358 28·]
381 286 416 353 T
410 288 453 353 Ire
480 286 624 354 Consuls
648 287 767 354 Pansa
791 289 865 354 and
883 288 1042 357 Hirtius.
1171 305 1234 379 245

186 490 247 555 sed
279 487 382 554 etiam
409 508 431 553 a
460 487 621 553 membris
653 499 686 554 et
715 488 904 554 visceribus
932 488 1064 556 avertit.
1122 489 1235 556 Unius

186 603 300 654 autem
333 588 400 652 diei
432 598 513 673 quot
534 599 568 651 et
594 599 743 674 quantae
773 589 926 663 virtutes,
944 589 978 653 di
1010 589 1233 665 immortales,

186 687 342 752 suerunt!
388 704 436 751 aa.
475 686 641 771 Princeps
673 689 764 751 enim
797 688 949 752 omniurn
981 686 1096 753 Pansa
1127 690 1235 774 proeli

186 788 335 853 faciendi
359 799 392 853 et
415 808 494 853 cum
514 784 665 851 Antonio
682 786 890 873 confligendi
909 787 990 852 fuit:
1022 789 1148 875 dignus
1173 790 1236 853 im·

185 898 321 975 perator
337 887 475 975 legione
491 885 753 972 Martiadigna
769 885 861 972 legio
877 885 1093 971 imperatore.
1127 887 1237 976 Cujus

186 989 215 1055 si
232 987 437 1054 acerrimum
461 986 626 1072 impetum
651 985 810 1051 cohibere
834 984 949 1050 Pansa
973 987 1149 1070 potuisset,
1168 1009 1236 1054 uno

186 1088 318 1176 proelio
342 1088 497 1153 contecta
521 1108 576 1153 res
601 1095 700 1151 esset.
748 1084 820 1151 Sed
846 1105 924 1150 curn
947 1085 1111 1150 libertatis
1134 1087 1237 1152 avida

186 1189 278 1277 legio
292 1188 489 1254 effrenatius
501 1188 537 1252 in
550 1187 659 1253 aciem
673 1185 821 1252 hostium
833 1184 1028 1270 inrupisset,
1042 1185 1185 1272 ipseque
1200 1186 1236 1252 in

187 1289 305 1375 primis
329 1289 444 1354 Pansa
469 1297 651 1377 pugnaret,
669 1287 803 1353 duobus
824 1284 1025 1372 periculosis
1040 1285 1236 1353 volneribus

187 1389 351 1476 acceptis,
370 1391 523 1455 sublatus
539 1410 567 1464 ¹e
587 1388 730 1474 proelio,
747 1386 796 1452 rei
821 1385 980 1473 publicae
998 1385 1105 1451 vitam
1128 1407 1237 1452 reser-

186 1490 288 1558 vavit
336 1490 414 1578 Ego
442 1511 524 1556 vero
556 1490 648 1555 hunc
675 1511 744 1554 non
769 1488 880 1554 solum
904 1487 1144 1572 imperatorem
1176 1487 1237 1553 sed

186 1590 290 1657 etiam
315 1590 542 1657 clarissimum
569 1590 811 1675 imperatorem
830 1588 961 1676 judico,
982 1587 1053 1674 qui,
1072 1608 1150 1652 cum
1180 1599 1238 1654 aut

187 1703 295 1757 morte
319 1701 378 1757 aut
400 1677 541 1757 uictoria
561 1712 598 1756 se
622 1689 889 1755 satisfacturum
908 1688 957 1753 rei
981 1688 1139 1772 publicae
1159 1711 1237 1774 spo·

187 1792 375 1878 pondissot,
400 1792 544 1856 alterum
569 1790 661 1867 fecit,
680 1789 818 1855 alterius
843 1789 878 1855 di
902 1788 1111 1855 immortales
1135 1811 1237 1856 omen

188 1890 362 1958 avertantl

233 2012 271 2056 x.
299 2009 346 2056 ar.
383 1989 479 2077 Qid
518 1990 632 2056 dicam
663 1991 706 2055 de
743 1988 888 2055 Hirtio?
929 1989 1001 2077 qui,
1034 2012 1072 2057 re
1107 1990 1236 2071 audita,

188 2113 207 2158 e
227 2092 347 2157 castris
366 2092 453 2158 duas
474 2091 626 2176 legiones
646 2090 765 2155 eduxit
785 2089 976 2155 incredibili
1001 2091 1112 2158 studio
1136 2102 1238 2178 atque

187 2192 330 2265 virtute3
355 2202 511 2278 quartam
533 2191 640 2265 illam,
659 2210 749 2277 quae
774 2189 892 2255 relicto
916 2188 1068 2256 Antonio
1094 2213 1131 2258 se
1156 2192 1238 2258 olim

188 2312 268 2357 cum
297 2291 423 2356 Martia
455 2290 592 2377 legione
624 2289 813 2377 conjunxit,
843 2299 877 2354 et
907 2291 1101 2376 septimam,
1134 2313 1237 2379 quae,

188 2391 367 2456 constituta
395 2412 441 2456 ex
467 2389 650 2465 veteranis,
677 2390 793 2454 docuit
822 2390 888 2456 hoc
915 2392 1045 2476 proelio
1078 2393 1239 2459 militibus

188 2490 238 2557 eis
251 2490 309 2577 qui
322 2490 484 2556 Caesaris
500 2489 668 2555 beneficia
681 2501 886 2565 servassent,
902 2502 1040 2557 senatus
1053 2494 1239 2579 populique

189 2590 342 2655 Romani
366 2611 482 2654 carum
505 2609 631 2654 nomen
656 2609 743 2654 esse.
794 2588 860 2653 His
883 2590 1003 2676 viginti
1028 2593 1237 2668 cohortibus,

188 2690 284 2754 nullo
306 2690 468 2776 equitatu,
488 2687 621 2754 Hirtius
646 2688 720 2773 ipse
749 2689 900 2774 aquilam
925 2701 1067 2776 quartae
1092 2693 1239 2781 legionis

189 2810 268 2854 curn
293 2789 443 2864 inferret,
469 2810 537 2875 qua
562 2788 688 2853 nullius
712 2788 918 2873 pulcriorem
949 2791 1114 2875 speciem·
1132 2793 1241 2878 impe-

188 2889 310 2954 ratoris
331 2888 539 2974 accepimuS,
559 2910 636 2954 cum
656 2888 763 2953 tribus
778 2887 908 2955 Antoni
931 2890 1125 2978 legionibus
1146 2895 1240 2981 equi-

188 2998 327 3075 tatuque
344 2988 509 3064 conflixit,
528 2989 701 3077 hostisque
717 2989 880 3066 nefarios,
899 2991 980 3057 huic
998 2992 1094 3079 Jovis
1111 2993 1240 3080 Optimi

189 3088 338 3153 Maximi
356 3089 543 3177 ceterisque
560 3089 702 3155 deorum
719 3091 961 3157 immortalium
978 3095 1127 3182 templis,
1146 3095 1239 3161 urbis

187 3187 297 3262 tectis,
316 3188 461 3254 libertati
479 3190 595 3275 populi
613 3190 777 3269 Romani,
796 3204 932 3259 nostrae
947 3194 1039 3261 ¹ritae
1063 3196 1241 3284 sanguini-

188 3309 256 3374 que
273 3287 481 3354 imminentis
497 3290 689 3374 prostravit,
705 3291 803 3368 fudit,
817 3293 954 3369 occidit,
972 3306 1009 3360 ut
1026 3316 1104 3360 curn
1123 3296 1240 3360 admo-

189 3386 429 3472 dum'paucis,
447 3401 546 3455 nocte
578 3401 699 3467 tectus,
721 3405 813 3459 metu
845 3396 1053 3479 perterritus,
1081 3398 1240 3483 princeps

188 3486 359 3551 latronum
386 3488 526 3575 duxque
557 3489 694 3577 fugerit.
740 3492 772 3558 O
804 3495 912 3559 solem
943 3496 1055 3581 ipsum
1086 3496 1241 3563 beatissi-

190 3607 297 3660 mum,
322 3587 393 3673 qui,
416 3599 494 3653 ante
517 3611 621 3675 quam
646 3612 682 3656 se
709 3592 860 3668 abderet,
880 3596 991 3660 stratis
1016 3597 1240 3662 cadaveribus

189 3685 451 3771 parricidarum,
471 3709 549 3752 curn
567 3690 686 3774 paucis
702 3691 891 3779 fugientem
907 3694 991 3759 vidit
1007 3695 1195 3761 Antonium
1209 3694 1217 3759 l

234 3802 281 3850 28.
303 3785 363 3851 An
379 3788 658 3875 veroquisquam
676 3790 843 3857 dubitabit
858 3795 1034 3877 appellare
1051 3793 1240 3859 Caesarem

189 3885 454 3971 imperatorem?
500 3885 608 3954 Aetas
634 3890 708 3976 ejus
734 3902 825 3956 certe
851 3893 895 3957 ab
915 3892 981 3957 hac
998 3893 1165 3957 sententia
1181 3914 1241 3957 ne-

191 3986 319 4050 minem
351 3986 546 4064 deterrebit,
574 3990 714 4075 quando
744 3990 884 4078 quidem
915 3991 1037 4058 virtute
1067 3992 1242 4078 superavit
1299 4065 1303 4071 ¹
