2572 4442
61 273 94 313 xr.
108 257 163 327 24]
327 256 474 346 Appeal
493 267 527 325 to
550 258 607 325 the
631 257 810 326 Senators.
1033 275 1096 342 133

93 481 139 526 xt.
164 477 212 525 aa.
231 458 333 545 Quae
350 481 428 526 cum
445 459 490 525 ita
509 460 587 537 sint,
602 483 664 546 pro
681 458 836 545 imperio,
851 482 913 546 pro
929 457 1095 533 exercitu,

65 584 106 648 pro
136 561 328 651 pgqqiucia,
353 581 457 646 quam
490 561 644 648 neglexi,
670 582 732 645 pro
759 561 932 645 triumpho
960 559 1097 626 ceteris·

62 684 110 746 que
130 662 244 726 laudis
266 660 472 748 insignibus,
496 682 585 747 quae
611 671 690 725 sunt
715 681 735 725 a
764 681 819 725 me
845 672 981 745 propter
1004 659 1097 724 urbis

15 840 16 843 Ἴ
58 773 244 849 vestraeque
270 759 390 826 salutis
415 760 605 824 custodiam
634 760 825 845 repudiata,
848 781 909 845 pro
931 759 1098 857 QS

57 860 266 948 hospitiisque
284 858 566 946 provincialibus,
581 881 670 946 quae
687 871 801 923 tamen
814 855 958 924 'urbanis
975 859 1098 943 opibus

57 982 113 1024 non
129 962 262 1026 minore
280 961 396 1025 labore
413 972 509 1024 tueor
526 979 628 1045 quam
651 979 828 1043 comparo,
846 980 908 1044 pro
926 958 979 1024 his
995 960 1099 1046 igitur

57 1061 202 1126 omuibus
227 1061 342 1135 rebus,
368 1081 430 1145 pro
456 1059 542 1124 meis
568 1059 602 1122 in
619 1080 680 1123 vos
705 1058 938 1146 singularibus
963 1058 1097 1135 studiis,

57 1181 172 1246 proque
199 1160 268 1225 hac
298 1180 403 1246 quam
428 1157 620 1245 perspicitis
652 1158 696 1222 ad
724 1158 997 1224 conservandam
1025 1180 1099 1224 rem

57 1261 219 1342 publicam
244 1260 434 1347 diligentia,
454 1259 538 1323 nihil
563 1259 696 1325 avobis
720 1259 785 1323 nisi
810 1259 911 1347 hujus
935 1260 1099 1346 temporis

57 1359 212 1445 totiusque
225 1360 293 1424 mei
310 1360 516 1430 consulatus
524 1359 724 1425 memoriam
741 1360 896 1444 postulo:
914 1360 1099 1446 quaedum

56 1459 108 1522 erit
119 1460 244 1525 uestris
268 1461 338 1523 fixa
363 1459 545 1535 mentibus,
564 1458 732 1525 tutissimo
756 1481 811 1523 me
829 1481 925 1525 muro
942 1472 1098 1545 saeptum
1161 1456 1162 1459 '

57 1579 119 1622 esse
137 1550 338 1624 arbitrabor.
385 1557 490 1644 Quod
508 1560 535 1624 si
553 1581 665 1625 meam
683 1581 779 1645 spem
797 1560 848 1623 vis
866 1561 1098 1645 improborum

56 1657 201 1729 fefellerit
225 1672 326 1746 atque
354 1660 579 1745 superaverit,
599 1661 804 1726 commendo
829 1661 925 1725 vobis
953 1681 1097 1745 parvum

56 1772 159 1823 meum
177 1760 299 1833 filium,
318 1759 372 1824 cui
391 1758 542 1844 profecto
558 1760 641 1824 satis
657 1759 719 1824 erit
737 1757 884 1844 praesidi
903 1782 970 1825 uon
988 1761 1097 1855 solum

55 1861 92 1936 ad
115 1861 274 1934 salutem,
292 1882 412 1924 verum
438 1860 540 1924 etiam
568 1859 612 1924 ad
638 1859 854 1947 dignitatem,
880 1859 908 1926 si
935 1861 1021 1948 ejuS,
1040 1860 1099 1946 qui

57 1958 261 2025 haecomnia
274 1982 336 2025 suo
353 1959 624 2046 sqli-Qpericulo
642 1960 863 2044 confflit,
876 1960 973 2025 illum
991 1960 1099 2024 filium

56 2078 122 2127 esse
148 2059 381 2125 memineritis.
428 2077 476 2124 24.
511 2058 733 2146 Quapropter
758 2061 801 2126 de
829 2048 964 2126 summa
989 2053 1099 2127 salute¹

56 2164 156 2223 'vestra
188 2159 373 2246 populique
406 2158 571 2234 Romani,
602 2160 645 2225 de
671 2161 791 2226 vestris
823 2162 1029 2249 conjugibus
1057 2181 1100 2226 ac

56 2258 172 2334 liberis,
201 2259 244 2324 de
272 2259 340 2323 aris
367 2280 410 2324 ac
436 2258 534 2332 focis,
565 2259 608 2325 de
636 2260 725 2324 fanis
754 2272 854 2347 atque
882 2261 1031 2347 templis,
1055 2261 1098 2324 de

56 2359 144 2423 totius
168 2359 263 2423 urbis
287 2358 384 2424 tectis
411 2379 452 2423 ac
478 2359 629 2432 sedibus,
648 2360 692 2425 de
708 2360 852 2445 imperio
870 2381 911 2425 ac
928 2362 1096 2433 libertate,

57 2458 91 2522 de
107 2460 213 2523 salute
227 2459 358 2535 Italiae,
374 2459 417 2524 de
434 2459 595 2525 universa
612 2482 648 2525 re
665 2460 817 2546 publica,
833 2460 1005 2525 decernite
1022 2460 1100 2525 dili·

56 2572 177 2643 genter,
196 2569 233 2624 ut
254 2558 454 2635 instituistis,
475 2580 516 2624 ac
541 2560 682 2625 fortiter.
744 2559 889 2625 Habetis
914 2581 993 2624 eum
1016 2581 1100 2625 con·

57 2660 153 2723 sulem
170 2658 229 2746 qui
246 2670 278 2723 et
295 2680 415 2744 parere
432 2659 554 2746 vesqis
583 2658 729 2723 decretis
757 2680 825 2723 uon
849 2659 989 2751 (ζμ-ᾔεις),
1009 2671 1041 2723 et
1058 2680 1100 2724 ea

57 2777 132 2842 quae
149 2758 343 2834 statueritis,
359 2759 474 2845 quoad
487 2757 592 2849 vivet,
605 2748 790 2823 defendere
807 2767 841 2822 et
855 2779 917 2843 per
933 2780 970 2824 se
986 2758 1100 2843 ipsum

57 2870 219 2941 praestare
241 2857 360 2943 possit.
463 2856 637 2959 5252!st
683 2870 784 2927 ·..,⁴.·.
