2760 4448
166 296 208 343 22
490 276 648 364 Defence
671 276 720 364 ιγ’
732 275 891 341 Roscius.
1028 271 1135 342 [Rosc.
1156 273 1218 326 Au.

165 474 373 543 maleficium
391 476 570 562 pertineat,
589 498 668 543 cum
684 474 828 542 videatis
845 496 889 540 ex
906 473 1011 541 altera
1028 485 1123 560 parte
1145 494 1220 538 sec·

165 589 286 653 torem,
316 577 508 652 inimicum,
540 577 702 642 sicarium
734 576 951 661 eundemque
984 585 1220 639 accusatorem

166 678 232 742 hoc
248 688 421 762 tempore;
450 697 495 740 ex
518 677 624 740 altera
648 687 744 761 parte
761 686 933 763 egentem,
952 675 1131 759 probatum
1148 671 1221 739 suis

165 777 287 853 filium,
306 778 341 841 in
365 798 433 863 quo
456 797 526 841 non
551 777 654 841 modo
679 777 782 861 culpa
806 776 913 850 nulla,
933 775 994 840 sed
1018 796 1061 839 ne
1078 773 1221 858 suspitio

166 878 305 964 quidem
338 875 445 962 potuit
476 874 683 956 consistere?
739 894 816 939 Lm.
835 879 897 938 'aa
929 874 1108 960 Numquid
1139 873 1223 937 huic

167 977 260 1041 aliud
285 976 407 1041 videtis
432 977 567 1041 obstare
596 974 779 1063 [Rosci0],
799 973 864 1039 nisi
888 975 980 1061 quod
1005 974 1110 1059 patris
1127 973 1222 1038 bona

166 1075 367 1142 venierunt?
414 1074 549 1160 Quodsi
574 1076 609 1140 id
631 1097 692 1140 vos
717 1075 900 1160 suscipitis,
921 1084 954 1139 et
977 1095 1054 1138 eam
1079 1073 1123 1138 ad
1147 1093 1222 1137 rem

165 1197 306 1261 operam
332 1186 480 1240 vestram
507 1174 725 1261 profitemini,
751 1174 780 1240 si
803 1175 931 1240 idcirco
956 1173 1095 1248 sedetis,
1118 1182 1155 1237 ut
1176 1171 1223 1236 ad

166 1298 228 1342 vos
250 1276 464 1341 adducantur
484 1297 602 1340 eorum
623 1274 720 1339 liberi
744 1294 889 1360 quorum
911 1274 1003 1338 bona
1027 1272 1224 1347 venierunt,-

168 1388 298 1450 cavete,
317 1397 378 1461 per
395 1375 477 1440 deos
493 1374 707 1448 immortalis,
722 1373 872 1462 judiceS,
890 1393 933 1437 ne
951 1392 1040 1438 nova
1057 1383 1091 1437 et
1114 1372 1223 1436 multo

168 1475 338 1540 crudelior
355 1497 416 1560 per
432 1495 493 1539 vos
518 1473 718 1559 proscriptio
742 1473 930 1538 instaurata
952 1493 1029 1538 esse
1050 1471 1219 1536 videatur.

168 1576 268 1640 Illam
286 1575 447 1660 priorem,
467 1573 662 1660 quaefacta
680 1572 782 1638 estin
807 1595 866 1638 eos
890 1572 948 1659 qui
973 1592 1071 1636 arma
1095 1591 1222 1657 capere

167 1685 363 1761 potuerunt,
390 1686 506 1739 tamen
538 1684 677 1739 senatus
708 1672 884 1758 suscipere
916 1672 1036 1748 noluit,
1063 1692 1107 1737 ne
1139 1671 1223 1758 quid

168 1776 280 1840 acrius
297 1796 401 1860 quam
419 1796 513 1840 more
530 1774 698 1863 majorum
716 1784 953 1859 comparatum
970 1783 1060 1837 esset
1084 1771 1222 1857 publico

167 1874 309 1940 consilio
326 1875 452 1940 lactum
469 1874 653 1939 videretur.
704 1872 807 1937 Hanc
823 1895 918 1948 vero,
935 1893 1025 1959 quae
1042 1872 1086 1937 ad
1102 1893 1222 1936 eorum

166 1974 293 2039 liberos
310 1984 410 2060 atque
429 1973 472 2037 ad
489 1973 669 2037 infantium
687 1994 872 2057 puerorum
889 1971 1098 2037 incunabula
1119 1970 1224 2056 perti·

167 2084 237 2148 net,
261 2073 326 2137 nisi
355 2075 421 2138 hoe
444 2073 575 2161 judicio
603 2093 624 2137 a
647 2072 745 2138 vobis
768 2071 895 2138 reicitis
919 2083 952 2136 et
975 2070 1220 2156 aspernamini,

166 2172 292 2248 videte,
312 2194 372 2257 per
388 2173 470 2238 deos
487 2172 701 2246 immortalis,
720 2194 823 2258 quem
840 2172 875 2236 in
892 2173 1006 2238 locum
1022 2193 1094 2238 rem
1112 2171 1223 2257 publi·

168 2294 244 2339 cam
261 2284 501 2358 perventuram
519 2273 655 2356 putetis.

129 2377 134 2387 '
212 2390 256 2437 57.
282 2372 450 2438 Homines
467 2372 640 2457 sapientes
656 2383 689 2437 et
705 2371 769 2437 ista
787 2371 984 2438 auctoritate
1001 2383 1034 2437 et
1058 2383 1223 2458 potestate

167 2473 352 2560 praeditoS,
370 2493 439 2559 qua
455 2494 518 2537 vos
540 2473 635 2546 estis,
653 2493 698 2537 ex
721 2472 845 2559 quibus
869 2475 970 2538 rebus
994 2473 1144 2537 maxime
1168 2494 1223 2537 res

168 2574 305 2659 publica
318 2573 462 2648 laborat,
475 2572 524 2637 eis
542 2573 692 2638 maxime
710 2574 839 2638 mederi
857 2573 1027 2638 convenit.
1060 2572 1223 2639 Vestrum
1305 2659 1308 2663 ¹

169 2695 271 2738 nemo
288 2683 339 2737 est
354 2672 436 2759 quin
453 2672 632 2760 intellegat
642 2674 807 2759 populum
820 2673 1032 2749 Romanum,
1045 2673 1102 2759 qui
1116 2695 1224 2759 quon·

170 2774 249 2840 dam
274 2772 310 2837 in
333 2772 441 2838 hostis
464 2773 661 2839 lenissimus
685 2774 956 2848 existimabatur,
976 2775 1042 2838 hoc
1068 2783 1224 2857 tempore

170 2873 357 2941 domestica
368 2873 567 2938 crudelitate
581 2874 750 2938 laborare.
783 2873 886 2937 Hanc
898 2873 1003 2938 tollite
1017 2893 1061 2937 ex
1073 2872 1222 2948 civitate,

175 2975 319 3063 judices.
370 2972 473 3038 Hanc
498 2974 568 3058 pati
594 2974 703 3037 nolite
723 2973 849 3037 diutius
878 2973 912 3037 in
939 2973 1005 3038 hac
1027 2994 1064 3037 re
1086 2971 1224 3058 publica

170 3074 312 3139 versari.
364 3072 467 3158 Qae
484 3094 552 3137 non
570 3073 671 3137 modo
688 3072 723 3136 id
740 3072 843 3135 habet
858 3072 892 3135 in
910 3093 947 3137 se
964 3073 1058 3148 mali,
1073 3073 1165 3158 quod
1178 3084 1226 3138 tot

171 3174 256 3253 civis
280 3173 491 3238 atrocissime
516 3172 662 3246 sustulit,
686 3193 806 3234 verum
830 3167 933 3235 etiam
957 3172 1152 3238 hominibus
1176 3174 1225 3237 le·
1321 3196 1325 3201 ·

170 3272 320 3337 nissimis
345 3270 472 3336 ademit
488 3270 757 3336 misericordiam
775 3271 1020 3336 consuetudine
1036 3272 1225 3338 incommo-

170 3372 304 3436 dorum.
355 3369 449 3436 Nam
462 3392 539 3436 cum
553 3370 712 3436 omnibus
729 3370 822 3435 horis
836 3371 964 3457 aliquid
982 3373 1138 3436 atrociter
1151 3372 1224 3437 fieri

121 3546 127 3551 ,
170 3471 327 3537 videmus
353 3483 411 3534 aut
436 3471 606 3546 audimus,
626 3470 730 3535 etiam
755 3470 813 3557 qui
835 3483 956 3535 natura
981 3471 1148 3536 mitissimi
1169 3493 1225 3536 su-

172 3593 260 3646 mus,
280 3570 482 3636 adsiduitate
500 3571 731 3636 molestiarum
750 3593 887 3636 sensum
906 3592 1054 3636 omnem>
1067 3571 1225 3634 humani·

170 3672 248 3739 tatis
265 3693 309 3736 ex
326 3670 449 3736 animis
466 3670 663 3736 amittimus.
