2722 4438
145 271 198 311 vn·
220 257 276 330 21·]
330 255 425 323 How
455 255 573 323 Ceasar
594 254 657 321 lias
681 256 766 321 used
785 256 839 321 his
874 255 1024 347 Vr'ctury.
1131 273 1195 343 227

144 481 227 525 vero
259 457 415 533 crimine,
442 447 578 533 furoriS,
608 455 769 541 parricidi
800 456 902 522 liceat
933 458 1001 524 Cn.
1031 459 1197 547 Pompeio

145 568 292 634 mortuo,
311 558 412 622 liceat
433 557 547 621 multis
568 556 643 620 aliis
660 576 791 620 carere.
842 555 992 643 Quando
1016 561 1083 625 hoc
1106 561 1197 648 quis-

145 680 249 746 quam
267 668 373 732 exte,
391 655 535 732 Caesar,
555 653 705 720 audivit?
736 666 795 721 aut
817 666 875 721 tua
892 658 974 743 quid
991 659 1084 725 aliud
1101 681 1197 724 arma
1278 744 1280 748 ,

144 759 338 831 voluerunt,
356 756 422 820 nisi
449 766 526 820 ate
555 755 798 820 contumeliam
831 758 1054 842 propulsare?
1102 758 1197 843 Quid

146 857 218 945 egit
240 867 318 921 tu'us
342 854 488 919 invictus
508 853 691 928 exercitus
709 854 775 919 nisi
793 866 831 919 ut
850 878 949 920 suurn
969 857 1026 944 jus
1049 868 1199 923 tueretur

146 969 180 1022 et
203 956 403 1043 dignitatem
420 952 536 1018 tuam?
585 951 703 1040 Quid?
734 965 783 1030 tu,
803 976 881 1020 curn
899 977 1022 1041 pacem
1040 979 1115 1023 esse
1140 980 1198 1023 cu-

145 1042 278 1141 piebas,
296 1054 376 1118 idne
401 1053 546 1140 agebaS,
563 1065 599 1118 ut
615 1053 674 1118 tibi
692 1074 769 1119 cum
788 1055 975 1131 sceleratis
996 1077 1039 1120 an
1059 1068 1096 1121 ut
1119 1078 1198 1122 cum

145 1155 245 1223 bonis
267 1154 397 1218 civibus
412 1152 632 1247 conveniret?
678 1172 719 1219 ru.
751 1153 840 1218 Mihi
865 1176 959 1231 vem,
978 1154 1122 1231 Caesar,
1140 1167 1199 1231 tua

145 1255 182 1320 in
199 1275 254 1319 me
272 1253 423 1317 maxima
440 1254 561 1318 merita
577 1266 670 1318 tanta
688 1267 779 1321 certe
793 1277 861 1320 non
874 1255 1083 1331 viderentur,
1098 1255 1126 1320 si
1143 1277 1198 1320 me

144 1365 183 1420 ut
207 1353 409 1420 sceleratum
426 1363 495 1418 ate
514 1367 754 1420 conservatum
777 1367 943 1441 putarem.
992 1353 1073 1439 Qu
1098 1355 1200 1420 modo

146 1467 261 1520 autem
287 1455 391 1519 tude
418 1475 456 1519 re
481 1455 619 1540 publica
644 1456 733 1522 bene
759 1456 898 1520 meritus
924 1477 1031 1531 esses,
1051 1477 1128 1521 cum
1152 1466 1199 1521 tot
1290 1497 1293 1505 ,

146 1556 332 1621 sceleratos
363 1554 526 1620 incolumi
552 1555 719 1643 dignitate
742 1577 818 1622 esse
842 1554 1031 1621 voluisses?
1076 1554 1200 1622 Seces-

147 1654 279 1721 sionem
318 1666 354 1720 tu
393 1655 487 1719 illam
507 1656 509 1661 ’
528 1655 778 1732 existimavisti,
810 1655 955 1730 Caesar,
987 1654 1095 1730 initio,
1124 1653 1199 1720 'non
1227 1700 1231 1706 ·

145 1756 298 1830 bellum3
332 1776 443 1842 neque
470 1755 591 1821 hostile
622 1756 752 1831 odium,
783 1756 844 1822 sed
875 1756 976 1822 civile
1001 1755 1196 1832 discidium,

146 1856 300 1943 utrisque
320 1856 535 1941 cupientibus
551 1877 624 1921 rem
640 1857 815 1943 publicam
832 1857 977 1928 salvam,
996 1857 1057 1922 sed
1075 1857 1197 1942 partim

147 1956 310 2031 consiliis,
335 1956 458 2042 partim
483 1956 602 2021 studiis
627 1978 647 2020 a
672 1956 844 2022 communi
868 1957 1009 2023 utilitate
1038 1958 1199 2024 aberran-

146 2057 251 2122 tibus.
309 2055 508 2141 Principum
536 2056 686 2144 dignitas
714 2067 786 2121 erat
809 2078 920 2143 paene
943 2079 1018 2144 par,
1043 2081 1111 2124 non
1135 2080 1199 2144 par

146 2158 291 2223 sortasse
323 2176 441 2222 eorum
473 2156 531 2243 qui
560 2157 809 2242 sequebantur:
842 2144 947 2223 causa
975 2170 1047 2224 tum
1079 2159 1196 2235 dubia,

146 2258 239 2345 quod
256 2266 329 2322 erat
340 2255 474 2343 ‘aliquid
489 2255 524 2319 in
537 2266 680 2343 utraque
693 2268 788 2342 parte
796 2258 893 2344 quod
910 2259 1046 2344 probari
1064 2270 1198 2344 posset;

144 2378 241 2422 nunc
264 2357 383 2422 melior
406 2377 448 2422 ea
468 2355 656 2445 judicanda
673 2368 735 2433 est,
753 2379 859 2444 quam
876 2358 977 2423 etiam
1000 2359 1034 2426 di
1060 2361 1199 2449 adjuve-

145 2469 238 2524 runt.
303 2455 453 2546 Cognita
484 2478 566 2522 vero
598 2458 779 2522 clementia
811 2469 882 2533 tua,
910 2459 986 2546 quis
1021 2482 1088 2526 nun
1121 2481 1197 2525 earn

144 2556 323 2626 victoriam
349 2558 480 2643 pgr—bet,
499 2556 534 2621 in
550 2570 617 2644 qua
634 2557 797 2622 occiderit
812 2579 913 2623 nemo
937 2559 1002 2624 nisi
1027 2557 1199 2625 armatus?

192 2679 256 2723 v11.
278 2675 327 2723 20.
351 2650 686 2736 Sed—mumittam
704 2678 922 2723 communem
940 2679 1093 2732 causam,
1105 2660 1199 2724 veni-

145 2781 248 2825 amus
274 2760 318 2825 ad
343 2769 672 2845 nostram-futrum
698 2757 837 2821 tandem
866 2758 1041 2823 existimas
1065 2760 1199 2824 facilius

140 2860 267 2936 fuisse,
290 2859 443 2935 Tuber0,
473 2856 654 2945 Ligarium
679 2877 723 2922 ex
746 2855 866 2921 Africa
891 2858 998 2932 exire,
1017 2879 1062 2922 an
1078 2880 1139 2924 vos
1163 2859 1198 2923 in

145 2959 305 3025 Africam
329 2982 399 3025 non
422 2956 561 3023 venire?
610 2956 904 3032 ‘Poteramusne,'
927 2958 1074 3044 inquies,
1098 2969 1200 3021 ‘cum

145 3072 288 3126 senatus
328 3057 557 3125 censuisset?'
602 3056 641 3122 Si
677 3079 731 3122 me
763 3057 925 3133 consulis,
959 3059 1054 3121 nullo
1086 3058 1198 3121 modo.

145 3160 221 3225 Sed
252 3169 368 3225 tamen
399 3157 580 3246 Ligarium
613 3167 750 3223 senatus
782 3156 873 3221 idem
901 3157 1089 3244 legaverat.
1138 3154 1200 3220 At-

145 3281 215 3345 que
243 3259 301 3323 ille
327 3280 369 3324 eo
395 3269 549 3343 tempore
572 3257 695 3342 paruit,
725 3277 802 3320 curn
830 3277 951 3340 parere
975 3256 1108 3321 senatui
1141 3277 1201 3320 ne·

146 3380 246 3424 cesse
271 3369 363 3423 erat:
396 3380 457 3423 vos
481 3369 562 3421 tunc
585 3356 758 3441 paruistis,
778 3377 856 3420 cum
880 3355 992 3440 paruit
1016 3376 1118 3420 nemo
1142 3355 1200 3442 qui

145 3452 274 3523 noluit,
318 3457 551 3543 Reprehendo
585 3455 710 3543 igitur?
755 3455 903 3541 Minime
934 3476 1028 3519 vero.
1076 3454 1201 3540 Neque

147 3559 242 3621 enirn
281 3558 375 3623 licuit
413 3557 510 3621 aliter
540 3568 651 3621 vestro
691 3554 823 3642 generi,
857 3553 1000 3628 nomini,
1034 3555 1199 3629 familiae,

147 3657 363 3742 disciplinae.
414 3655 484 3721 Sed
505 3656 571 3720 hoc
603 3677 671 3719 non
695 3653 860 3728 conced0,
879 3665 927 3728 ut,
952 3654 1201 3739 quibusrebus

147 3757 344 3844 gloriemini
379 3756 415 3820 in
445 3755 555 3830 vobis,
575 3755 715 3819 easdem
754 3753 788 3815 in
821 3752 896 3844 aliis
927 3753 1198 3837 reprehendatis.

146 3875 190 3922 21.
221 3855 417 3921 Tuberonis
446 3877 518 3920 sors
546 3854 701 3941 conjecta
726 3863 777 3917 est
795 3873 839 3916 ex
868 3864 1005 3916 senatus
1031 3852 1199 3926 consultu,

149 3958 316 4043 cumipse
333 3977 403 4021 non
421 3955 567 4030 adesset,
587 3953 705 4018 morbo
723 3952 824 4016 etiarn
843 3950 1074 4036 impediretur.
1124 3949 1202 4015 Sta·
