2760 4448
201 276 246 368 64
425 279 605 368 Pompey's
628 279 795 367 Mlitary
825 278 1029 346 Command.

201 479 350 544 rationes
367 491 400 544 et
415 479 533 564 copias
549 480 584 543 in
598 479 692 545 illam
706 480 916 565 provinciam
932 479 1159 552 contulerunt,
1135 489 1256 565 tquo-

201 602 276 644 rum
304 580 456 663 ipsorum
485 601 546 666 per
570 601 606 644 se
630 602 685 644 res
710 591 742 645 et
762 580 917 645 fortunae
941 578 1040 664 vobis
1061 599 1172 692 Q
1182 600 1255 642 esse
1334 570 1335 611 ³

201 681 338 745 debent.
389 680 569 745 Etenim
542 701 571 745 si
587 680 771 767 vectigalia
789 702 912 745 nervos
929 701 1009 764 Q
1027 679 1077 743 rei
1076 652 1255 763 publicae
1334 750 1335 759 χ

201 802 337 867 semper
360 779 534 854 duximus,
557 800 635 844 eum
662 791 752 844 certe
768 781 938 855 ordinem,
956 778 1016 867 qui
1033 789 1171 843 exercet
1185 778 1253 852 illa,

201 882 458 975 ΜΨ
477 891 666 944 ceterorum
690 880 848 944 ordinum
873 890 965 944 recte
990 900 1068 943 esse
1092 877 1253 941 dicemus.
1335 944 1336 971 ἶ

200 998 241 1044 ls.
266 981 401 1046 Deinde
429 1001 475 1045 ex
498 979 619 1044 ceteris
643 979 820 1045 ordinibus
844 979 1002 1044 homines
1028 976 1135 1065 gnavi
1160 988 1255 1062 atque

201 1080 357 1146 industrii
382 1080 504 1165 partim
529 1078 653 1165 ipsi‘in
673 1078 764 1143 'Asia
788 1079 1022 1166 negotiantur,
1073 1076 1154 1141 uibu
1198 1097 1255 1140 vos

202 1181 399 1245 absentibus
417 1181 595 1246 consulere
612 1178 756 1253 debetis,
775 1179 898 1264 partim
915 1199 1039 1244 eorum
1058 1199 1094 1241 ιιι
1119 1196 1160 1240 ea
1184 1196 1256 1261 pro·
1288 1182 1295 1191 '
1332 1163 1337 1221 ἶ

201 1280 314 1344 vincia
333 1280 496 1365 pecunias
515 1300 660 1366 magnas
677 1279 873 1368 epulus-agas
891 1279 1034 1344 habent.
1078 1275 1144 1341 Est
1159 1275 1257 1362 igitur

202 1380 403 1443 humanitati
446 1390 579 1443 vestrae
604 1399 770 1466 magnum
793 1399 975 1443 numerum
993 1399 1115 1443 eorum
1135 1374 1255 1440 civium

203 1447 395 1559 calamitate
377 1479 614 1565 eprohibere,
632 1478 822 1588 Qiae
838 1479 956 1543 videre
974 1478 1162 1543 multorum
1179 1471 1257 1538 civi-

201 1602 259 1643 um
240 1568 504 1644 *calamitatem
523 1599 543 1642 a
561 1600 596 1644 re
613 1573 959 1665 ptibli'c'aeas-'itur-ctuur
973 1597 1135 1643 essenon
1149 1593 1255 1659 posse.

202 1680 338 1745 Etenim
356 1679 504 1766 primum
521 1679 605 1743 illud
619 1677 842 1794 Qresert
858 1700 921 1744 uos
934 1679 1078 1765 publica
1091 1677 1145 1740 his
1159 1672 1257 1738 amis·

202 1781 248 1846 sis
263 1779 481 1867 [vectigalia]
497 1791 646 1864 postea
626 1779 679 1862 vic
681 1779 766 1865 toria
780 1799 997 1863 recuperare.
1030 1777 1156 1863 Neque
1169 1773 1257 1839 euim

200 1881 310 1987 Q
332 1880 522 1945 redimendi
540 1856 720 1944 facultas
701 1873 764 1944 errt
780 1891 917 1965 propter
934 1878 1182 1950 calamitatem,
1201 1893 1257 1937 ne·

201 2001 267 2065 que
288 1979 364 2044 aliis
383 1979 541 2044 voluntas
562 1990 699 2064 propter
721 1980 890 2043 timorem.
938 1995 980 2043 10.
1006 1977 1212 2044 Deindeu
1168 1971 1257 2062 qugl

201 2101 264 2192 Q
226 2079 403 2145 oeadem
419 2078 505 2142 Asia
523 2090 624 2164 atque
641 2078 792 2143 idemt
749 2078 1077 2163 jsthithridates
1069 2077 1165 2142 mitio
1180 2062 1256 2139 belli

201 2177 345 2243 Asiatici
360 2178 486 2250 docuit,
502 2178 537 2242 id
549 2178 687 2264 quidem
702 2189 792 2243 certe
809 2179 1004 2244 calamitate
1021 2179 1116 2245 docti
1134 2193 1258 2259 memo·

202 2280 252 2343 ria
279 2278 425 2343 retinere
453 2277 631 2342 debemus.
680 2277 773 2342 Nam
802 2289 886 2354 tum,
915 2300 992 2344 cum
1022 2280 1060 2345 in
1087 2278 1151 2344 Asi
1205 2293 1279 2375 res

202 2399 349 2465 magnas
373 2399 435 2464 per
472 2377 532 2441 ulti
557 2379 755 2453 amiserant,
758 2379 902 2444 scimus
921 2379 1073 2471 Romae,
1093 2298 1279 2444 soldtrdne

201 2478 407 2565 impedita,
442 2500 496 2542 em
513 2478 717 2543 concidisse.
766 2477 847 2544 Non
864 2479 956 2543 enim
948 2471 1120 2566 possunt
1136 2496 1204 2542 una
1223 2473 1256 2536 in

202 2579 337 2645 civitate
361 2563 479 2641 mulli*
482 2599 553 2642 rem
580 2599 620 2643 ac
644 2577 797 2643 fortunas
817 2579 984 2656 amittere,
1002 2590 1039 2643 ut
1056 2601 1126 2646 non
1005 2550 1256 2685 pr

203 2700 319 2744 secum
340 2678 375 2742 in
395 2678 541 2742 eandem
567 2680 704 2742 trahant
727 2677 969 2744 calamitatem.
1018 2678 1054 2743 Α
1076 2701 1148 2767 quo
1171 2694 1258 2762 pen·

203 2780 280 2845 culo
300 2770 476 2862 prohibete
497 2748 777 2863 ιειιιῖῑιῖἳειιιι,
796 2790 828 2844 et
852 2778 934 2843 mihi
864 2780 1084 2867 *credite
1108 2780 1141 2843 id
1166 2771 1256 2862 quod

203 2879 266 2965 ipsi
291 2878 434 2943 videtis·
461 2879 548 2944 haec
572 2879 656 2943 fides
679 2891 814 2985 atqpe
802 2879 889 2944 haec
912 2878 997 2943 ratio
1017 2878 1252 2970 pecuniarum,

202 3001 290 3067 quae
344 3000 456 3072 omae,
475 3000 563 3064 quae
580 2978 615 3042 in
632 2978 705 3043 foro
721 2952 888 3053 versat'ui,
906 2977 1082 3062 implicata
1104 2990 1154 3044 est
1178 2993 1255 3040 cum

202 3081 269 3145 illis
298 2979 452 3165 [henniis
479 3077 642 3142 Asiaticis
670 3088 703 3141 et
731 3078 903 3142 cohaeret.
953 3077 1072 3143 Ruere
1100 3079 1180 3143 illa
1188 3092 1255 3139 nou

202 3191 356 3264 possunt,
371 3174 412 3251 lut
428 3178 515 3242 haec
531 3199 600 3241 non
617 3176 738 3242 eodem
759 3177 929 3242 labefacta
945 3188 1039 3243 motu
1059 3162 1259 3340 Q

204 3277 284 3361 Qua
302 3300 338 3341 re
355 3278 467 3343 videte
486 3299 565 3342 num
591 3276 818 3362 dubitandum
841 3276 938 3342 vobis
962 3277 1005 3342 sit
1027 3299 1121 3343 omni
1146 3276 1236 3383 Q

1278 2694 1340 2884 Ρ

1224 3273 1255 3337 ,0
1277 3230 1340 3385 9

203 3378 246 3441 ad
272 3375 306 3441 id
329 3377 458 3441 bellum
483 3377 720 3449 incumbere,
711 3399 747 3440 m
763 3397 830 3488 quo
848 3398 871 3463 g
886 3376 958 3442 oria
975 3378 1122 3443 nominis
1138 3371 1251 3444 vestri,
1282 3412 1289 3437 t

203 3478 296 3541 salus
316 3475 498 3551 sociorum,
520 3476 704 3564 vectigalia
729 3475 893 3549 maxima,
915 3476 1069 3541 fortunae
1093 3476 1254 3562 plurimo·

202 3599 278 3641 rum
295 3575 419 3640 citium
438 3576 641 3664 conjunctae
659 3597 737 3640 cum
755 3577 944 3662 republica
962 3577 1199 3642 defendantur.

247 3695 323 3741 vm.
332 3692 397 3739 20.
422 3673 597 3759 Quoniam
626 3677 669 3740 de
701 3698 830 3763 genere
862 3675 943 3741 belli
974 3676 1058 3749 drxr,
1088 3696 1180 3740 nunc
1211 3671 1253 3736 de

202 3776 440 3865 magnitudine
457 3795 568 3860 pauca
586 3776 713 3840 dicam.
755 3775 871 3840 Potest
887 3776 953 3840 hoc
969 3776 1060 3840 enirn
1079 3776 1159 3850 dici,
1174 3768 1252 3837 belli

203 3898 314 3964 genus
330 3896 406 3941 esse
422 3875 469 3938 ita
486 3875 719 3938 necessarium
737 3886 823 3940 utr
795 3876 839 3971 ξι
864 3875 1067 3961 gerendum,
1086 3897 1154 3939 non
1179 3887 1252 3936 esse

203 3977 247 4041 ita
274 3994 439 4065 magnum
463 3983 500 4037 ut
523 3972 566 4037 sit
588 3972 912 4058 pertimescendum.
844 3961 1002 4038 ᾫῘιι
1019 3996 1086 4061 quo
1103 3972 1251 4039 maxime
