2722 4438
224 259 287 327 186
572 264 730 351 Desence
753 267 802 353 (ff
813 267 919 333 Milo.
1168 266 1264 337 [Mun

219 462 370 540 beluam,
399 463 507 553 judici
545 465 687 550 laqueos
718 465 961 542 declinantem,
991 467 1065 555 jam
1103 467 1263 536 inretitam

219 572 361 637 teneret,
379 563 437 648 qui
464 564 573 639 locus
592 565 683 650 quod
710 577 845 650 tempus
870 567 968 642 illud,
987 568 1022 632 di
1049 568 1264 647 immortales

220 660 301 743 fuitt
338 683 416 726 cum
442 684 478 727 se
507 664 563 728 ille
589 663 726 749 fugiens
750 664 784 727 in
809 666 981 730 scalarum
1005 670 1155 735 tenebris
1179 672 1267 736 abdi·

219 761 336 836 disset,
363 783 529 850 magnum
569 761 693 826 Miloni
724 762 787 828 fuit
817 765 988 831 conficere
1020 769 1114 833 illam
1142 782 1265 856 pestem
1349 776 1350 787 ³

219 860 313 924 nulla
345 882 406 925 sua
438 861 579 936 invidia,
608 861 660 924 M.
688 883 770 928 vero
796 862 926 930 Antoni
956 856 1109 933 maxima
1140 871 1266 958 gloria?

218 976 259 1022 41.
285 957 402 1043 Quid?
433 960 577 1025 comitiis
604 960 639 1024 in
672 982 795 1047 campo
826 967 986 1050 'quotiens
1018 981 1167 1054 potestas
1190 971 1266 1035 fuitl

219 1081 297 1124 cum
332 1060 389 1123 ille
428 1059 463 1124 in
495 1072 613 1144 saepta
652 1061 786 1138 ruisset,
821 1066 957 1153 gladios
997 1069 1265 1157 destringendos,
1348 1136 1349 1139 ,

218 1159 351 1243 lapides
363 1158 542 1245 jaciendos
554 1161 761 1238 curavisset3
787 1165 867 1230 dein
884 1167 1009 1244 subito,
1023 1169 1116 1233 voltu
1129 1169 1266 1235 Milonis
1347 1180 1348 1219 l

218 1259 427 1343 perterritus,
443 1259 577 1348 fugeret
593 1262 639 1332 ad
653 1262 821 1340 Tiberim,
839 1287 900 1331 vos
917 1277 950 1331 et
965 1288 1085 1332 omnes
1097 1268 1178 1334 boni
1195 1280 1267 1334 vota
1348 1264 1349 1271 '

217 1359 386 1434 faceretis
405 1371 442 1424 ut
458 1359 582 1425 Miloni
599 1362 647 1426 uti
663 1352 786 1428 virtute
803 1387 864 1429 sua
881 1367 1012 1431 liberet.

262 1479 339 1524 xvr.
367 1459 483 1546 Qem
500 1461 605 1549 igitur
624 1484 702 1528 cum
727 1466 878 1529 omnium
904 1467 1016 1552 gratia
1041 1467 1160 1542 noluit,
1180 1468 1267 1533 hunc

106 1560 109 1568 ⁴
217 1561 323 1626 voluit
339 1570 419 1626 cuni
435 1563 626 1649 aliquorum
644 1564 819 1651 querella?
841 1587 943 1652 quem
956 1567 1046 1655 jure,
1061 1589 1163 1655 quem
1181 1569 1265 1645 loco,

217 1682 320 1746 quem
351 1673 517 1747 tempore,
547 1685 650 1750 quem
681 1665 821 1749 impune
853 1676 1004 1741 nonest
1035 1687 1152 1743 ausus,
1180 1670 1267 1734 hunc

217 1759 354 1849 injuria,
378 1763 494 1849 iniquo
520 1764 608 1839 locu,
633 1764 745 1828 alieno
769 1774 934 1850 tempore,
959 1766 1111 1850 periculo
1135 1768 1265 1853 capitis,
1349 1776 1351 1839 Γ

218 1882 286 1926 non
318 1862 485 1928 dubitavit
515 1863 694 1930 occidere?
726 1882 773 1929 42.
797 1865 1011 1949 praesertim,
1025 1866 1175 1954 judices,
1193 1888 1265 1932 cum

217 1962 356 2027 honoris
373 1963 577 2048 amplissimi
595 1965 763 2029 contentio
781 1975 813 2028 et
831 1965 904 2029 dies
921 1965 1133 2030 comitiorum
1153 1968 1266 2032 subes-

217 2072 279 2135 set,
299 2084 366 2148 quo
383 2064 520 2149 quidem
538 2064 826 2148 tempore-scio
843 2064 935 2128 enim
959 2085 1062 2150 quam
1086 2064 1206 2131 timida
1229 2067 1267 2132 sit

218 2162 370 2237 ambitio,
388 2153 584 2248 quantaque
601 2175 634 2226 et
648 2185 752 2250 quam
771 2164 914 2229 sollicita
932 2164 974 2229 sit
996 2164 1166 2249 cupiditas
1191 2188 1265 2231 con·
1348 2206 1349 2249 3

216 2262 542 2337 sulatus-omnia,
573 2284 641 2327 non
673 2264 775 2329 modo
800 2284 888 2349 quae
915 2265 1121 2348 reprehendi
1141 2268 1264 2351 palam,

216 2362 277 2426 sed
309 2362 411 2427 etiam
443 2363 588 2428 obscure
619 2383 709 2449 quae
740 2363 883 2450 cogitari
915 2375 1057 2449 possunt
1095 2364 1262 2441 timemus,
1348 2368 1349 2383 ¹

215 2483 401 2539 rumorem,
419 2463 572 2527 fabulam
596 2462 723 2536 fictam,
743 2463 853 2527 levem
878 2463 1184 2548 perhorrescimus,
1209 2485 1264 2530 ora
1349 2456 1351 2505 ss

216 2564 368 2627 omnium
408 2575 509 2651 atque
548 2564 666 2629 oculos
705 2563 887 2627 intuemur.
952 2563 1049 2627 Nihil
1088 2575 1140 2629 est
1177 2565 1263 2629 enim
1347 2620 1348 2623 ,

214 2674 285 2727 tam
317 2665 433 2740 molle,
462 2676 531 2729 tam
561 2675 728 2738 tenerum,
759 2674 828 2727 tam
855 2674 913 2727 aut
939 2663 1062 2750 fragile
1087 2675 1146 2728 aut
1172 2664 1264 2729 flexi·

214 2764 295 2838 bile,
334 2786 438 2852 quarn
479 2765 636 2830 voluntas
677 2757 761 2850 erga
802 2785 864 2827 nos
901 2784 1089 2849 sensusque
1126 2763 1260 2839 civium,

214 2865 271 2950 qui
300 2886 368 2929 non
400 2865 501 2930 modo
533 2864 737 2949 improbitati
769 2862 961 2927 irascuntur
992 2855 1259 2933 candidatorum,

214 2965 274 3028 sed
302 2967 404 3028 etiam
433 2965 467 3028 in
491 2977 582 3030 recte
606 2964 704 3030 factis
728 2983 832 3047 saepe
856 2961 1042 3027 fastidiunt.
1091 2975 1138 3023 43.
1163 2963 1262 3027 Hunc
1348 2968 1349 2975 ’

213 3063 316 3150 igitur
332 3065 422 3129 diem
449 3064 561 3149 campi
579 3076 750 3149 speratum
768 3074 870 3149 atque
887 3052 1084 3147 exoptatum
1102 3062 1166 3128 sibi
1189 3084 1261 3148 pro·

212 3185 344 3247 ponens
366 3164 466 3239 Mi10,
485 3164 633 3229 cruentis
656 3165 814 3228 manibus
835 3163 948 3228 scelus
970 3173 1003 3226 et
1023 3161 1157 3227 facinus
1182 3182 1260 3247 prae
1350 3242 1351 3259 ἵ

212 3283 248 3326 se
280 3265 394 3328 serens
425 3274 458 3328 et
487 3264 665 3336 confitens
685 3263 729 3328 ad
761 3263 820 3327 illa
854 3273 1000 3350 augusta
1033 3262 1258 3326 centuriarum

212 3361 365 3445 auspicia
381 3361 561 3427 veniebat?
609 3359 724 3445 Quam
746 3362 812 3427 hoc
835 3385 904 3427 non
930 3361 1093 3427 credibile
1117 3363 1152 3425 in
1175 3356 1256 3425 hoel

211 3480 315 3544 quam
346 3461 437 3525 idem
465 3462 500 3525 in
526 3460 649 3527 Clodio
681 3483 748 3526 non
778 3462 1017 3536 dubitandum,
1042 3481 1122 3525 curn
1145 3481 1181 3525 se
1203 3459 1257 3521 ille

210 3558 386 3623 interfecto
410 3560 543 3625 Milone
567 3572 788 3648 regnaturum
817 3559 971 3646 putaret!
1020 3559 1138 3646 Quid?
1155 3556 1256 3646 (quod

210 3667 314 3742 caput
332 3668 383 3721 est
403 3658 622 3747 [audaciae]‚
647 3655 798 3748 judices)
813 3661 889 3746 quis
914 3648 1050 3748 ignorat
1075 3659 1254 3725 maximam

209 3757 417 3822 inlecebram
443 3779 518 3823 esse
542 3760 709 3844 peccandi
725 3759 935 3844 impunitatis
954 3758 1075 3845 spem?
1122 3759 1163 3825 In
1185 3768 1254 3822 utro

209 3857 313 3942 igitur
332 3856 419 3920 haec
442 3856 526 3921 suit?
553 3859 589 3921 in
616 3857 761 3934 Milone,
780 3859 838 3945 qui
863 3860 965 3924 etiam
989 3881 1082 3925 nunc
1109 3880 1186 3925 reus
1207 3862 1255 3920 est

209 3955 289 4019 facti
315 3965 374 4019 aut
397 3954 564 4040 praeclari
590 3968 648 4022 aut
672 3968 762 4022 certe
787 3958 985 4035 necessarii,
1004 3980 1047 4024 an
1070 3959 1105 4024 in
1123 3955 1249 4029 clodio,
